; Generated by expenses_to_beancount.py
; Source: /home/rocky/logseq-content/pages/Expenses.md

option "operating_currency" "AUD"
option "title" "Personal Finance"

2025-05-24 commodity AUD
2025-05-24 commodity IDR
2025-05-24 commodity KZT
2025-05-24 commodity RUB
2025-05-24 commodity USD

2025-05-24 open Assets:Cash
2025-05-24 open Expenses:Accommodation
2025-05-24 open Expenses:Clothing
2025-05-24 open Expenses:Culture:Ceremony
2025-05-24 open Expenses:Donations
2025-05-24 open Expenses:Education
2025-05-24 open Expenses:Education:Books
2025-05-24 open Expenses:Entertainment:Cinema
2025-05-24 open Expenses:Entertainment:Music
2025-05-24 open Expenses:Fees
2025-05-24 open Expenses:Fees:Tax
2025-05-24 open Expenses:Food
2025-05-24 open Expenses:Food:Cafe
2025-05-24 open Expenses:Food:Delivery
2025-05-24 open Expenses:Gifts:Flowers
2025-05-24 open Expenses:Grooming
2025-05-24 open Expenses:Health
2025-05-24 open Expenses:Health:Dental
2025-05-24 open Expenses:Health:Medical
2025-05-24 open Expenses:Health:Pharmacy
2025-05-24 open Expenses:Health:Therapy
2025-05-24 open Expenses:Health:Vitamins
2025-05-24 open Expenses:Health:Wellness
2025-05-24 open Expenses:Housing
2025-05-24 open Expenses:Housing:Rent
2025-05-24 open Expenses:Laundry
2025-05-24 open Expenses:Other
2025-05-24 open Expenses:Services
2025-05-24 open Expenses:Services:Documents
2025-05-24 open Expenses:Services:Print
2025-05-24 open Expenses:Services:Repair
2025-05-24 open Expenses:Shopping
2025-05-24 open Expenses:Subscriptions
2025-05-24 open Expenses:Subscriptions:Apps
2025-05-24 open Expenses:Tech:Infrastructure
2025-05-24 open Expenses:Tech:Projects
2025-05-24 open Expenses:Telecom
2025-05-24 open Expenses:Telecom:Internet
2025-05-24 open Expenses:Telecom:Mobile
2025-05-24 open Expenses:Telecom:SIM
2025-05-24 open Expenses:Transport
2025-05-24 open Expenses:Transport:Car
2025-05-24 open Expenses:Transport:Flight
2025-05-24 open Expenses:Transport:Taxi
2025-05-24 open Expenses:Travel
2025-05-24 open Expenses:Travel:Camping
2025-05-24 open Income:CRM
2025-05-24 open Income:Other
2025-05-24 open Liabilities:Debt

2026-01-01 * "Матча"
  Expenses:Food  8.40 AUD
  Assets:Cash  -8.40 AUD

2026-01-02 * "ALDI" "Ice tea, бананы, сок, печенье, 2 энергетика"
  Expenses:Shopping  19.45 AUD
  Assets:Cash  -19.45 AUD

2026-01-02 * "Woolworths" "2 Цветы и сливки"
  Expenses:Shopping  38 AUD
  Assets:Cash  -38 AUD

2026-01-02 * "Массаж"
  Expenses:Services  200 AUD
  Assets:Cash  -200 AUD

2026-01-03 * "711" "Очки, вода, 4 энергетика, шоколад"
  Expenses:Shopping  57.10 AUD
  Assets:Cash  -57.10 AUD

2026-01-03 * "Larapinta" "Чекин кемпинг"
  Expenses:Services  25 AUD
  Assets:Cash  -25 AUD

2026-01-03 * "Larapinta" "Чипсы"
  Expenses:Food  2 AUD
  Assets:Cash  -2 AUD

2026-01-04 * "Coles" "2 лимонада и шоколад"
  Expenses:Shopping  13.50 AUD
  Assets:Cash  -13.50 AUD

2026-01-04 * "Mind Games" "Карты, кубик и Huzzle"
  Expenses:Shopping  60 AUD
  Assets:Cash  -60 AUD

2026-01-04 * "Goji Cafe" "Wrap"
  Expenses:Food  21 AUD
  Assets:Cash  -21 AUD

2026-01-05 * "Australia Fair" "Карты пазл и кубик"
  Expenses:Shopping  39 AUD
  Assets:Cash  -39 AUD

2026-01-05 * "Choice" "Splat and Stick ball"
  Expenses:Shopping  3 AUD
  Assets:Cash  -3 AUD

2026-01-05 * "ALDI" "Сок и 2 печенье"
  Expenses:Shopping  11.25 AUD
  Assets:Cash  -11.25 AUD

2026-01-05 * "7 Eleven" "Энергетик"
  Expenses:Food  3.50 AUD
  Assets:Cash  -3.50 AUD

2026-01-07 * "Coles" "Продукты - рис, хлеб, капли для носа, Quinoa Flakes, dates, сливки"
  Expenses:Shopping  39.40 AUD
  Assets:Cash  -39.40 AUD

2026-01-08 * "Coles" "Бананы, сок, мыло, хумус, клей, печенье"
  Expenses:Shopping  26.40 AUD
  Assets:Cash  -26.40 AUD

2026-01-08 * "Спирт (Аптека)"
  Expenses:Shopping  7.50 AUD
  Assets:Cash  -7.50 AUD

2026-01-09 * "cafe" "Matcha с oat и пирожное"
  Expenses:Food  11.70 AUD
  Assets:Cash  -11.70 AUD

2026-01-09 * "Энергетик (Магазин)"
  Expenses:Food  3.90 AUD
  Assets:Cash  -3.90 AUD

2026-01-09 * "Энергетик (Магазин)"
  Expenses:Food  4 AUD
  Assets:Cash  -4 AUD

2026-01-09 * "Nicole 1hour"
  Expenses:Health:Wellness  280 AUD
  Assets:Cash  -280 AUD

2026-01-09 * "Arganine, Tulasi Tea"
  Expenses:Shopping  69 AUD
  Assets:Cash  -69 AUD

2026-01-09 * "ALDI" "Ice tea, орешки, энергетик"
  Expenses:Shopping  18.20 AUD
  Assets:Cash  -18.20 AUD

2026-01-09 * "Оплата за чай с доставкой"
  Expenses:Shopping  1066.25 AUD
  Assets:Cash  -1066.25 AUD

2026-01-10 * "cafe" "Tempura Rosti ([[Goji Cafe]])"
  Expenses:Food  26.20 AUD
  Assets:Cash  -26.20 AUD

2026-01-10 * "cafe" "Matcha with Oat milk ([[Goji Cafe]])"
  Expenses:Food  6 AUD
  Assets:Cash  -6 AUD

2026-01-10 * "Hostinger subscription (Baresma Makeb)"
  Expenses:Tech:Projects  918209 IDR
  Assets:Cash  -918209 IDR

2026-01-10 * "Билет на Avatar"
  Expenses:Entertainment:Cinema  39.30 AUD
  Assets:Cash  -39.30 AUD

2026-01-10 * "IMAX" "Cola and popcorn"
  Expenses:Food  16.20 AUD
  Assets:Cash  -16.20 AUD

2026-01-10 * "711" "2 энергетика, шоколад, вода"
  Expenses:Food  14.60 AUD
  Assets:Cash  -14.60 AUD

2026-01-10 * "Ночевка Logan Park Farm"
  Expenses:Travel:Camping  25 AUD
  Assets:Cash  -25 AUD

2026-01-10 * "Курс «Смысл»"
  Expenses:Education  363 AUD ; 243 USD
  Assets:Cash  -363 AUD

2026-01-11 * "cafe" "Завтрак и Матча (Oaky Creek Farm)"
  Expenses:Food  36 AUD
  Assets:Cash  -36 AUD

2026-01-11 * "Кубик (Australia Fair)"
  Expenses:Shopping  10 AUD
  Assets:Cash  -10 AUD

2026-01-12 * "711" "2 энергетика и сникерс"
  Expenses:Food  14 AUD
  Assets:Cash  -14 AUD

2026-01-12 * "Донейшн Хане на ветеренара"
  Expenses:Shopping  192 AUD ; 10000 RUB
  Assets:Cash  -192 AUD

2026-01-12 * "2 Газ и сухое горючее (Bunnings)"
  Expenses:Travel:Camping  17 AUD
  Assets:Cash  -17 AUD

2026-01-12 * "Domain kaqchikel.com"
  Expenses:Subscriptions  33 AUD ; 22.19 USD
  Assets:Cash  -33 AUD

2026-01-12 * "Ice tea, энергетик, Jamu, hot chocolate ([[Q Centre]])"
  Expenses:Shopping  16.40 AUD
  Assets:Cash  -16.40 AUD

2026-01-12 * "2 цветы и печенье"
  Expenses:Shopping  32.50 AUD
  Assets:Cash  -32.50 AUD

2026-01-13 * "Goji Cafe" "2 Matcha with oat milk (Volunteering GC)"
  Expenses:Food  12 AUD
  Assets:Cash  -12 AUD

2026-01-13 * "Goji Cafe" "Vegetarian wrap and Matcha with oat milk ([[Goji Cafe]])"
  Expenses:Food  28.21 AUD
  Assets:Cash  -28.21 AUD

2026-01-13 * "DeployHQ"
  Expenses:Subscriptions  20.20 AUD ; 227000 IDR
  Assets:Cash  -20.20 AUD

2026-01-13 * "Telkomsel"
  Expenses:Subscriptions  52000 IDR
  Assets:Cash  -52000 IDR

2026-01-14 * "Депозит за машину (Budget Hire Car)"
  Expenses:Transport:Car  100 AUD
  Assets:Cash  -100 AUD

2026-01-14 * "Coles" "Энергетик"
  Expenses:Shopping  4 AUD
  Assets:Cash  -4 AUD

2026-01-15 * "Goji Cafe" "Rosti Matcha with oat milk ([[Goji Cafe]])"
  Expenses:Food  30.20 AUD
  Assets:Cash  -30.20 AUD

2026-01-15 * "2 энергетика и шоколад (711)"
  Expenses:Food  10.35 AUD
  Assets:Cash  -10.35 AUD

2026-01-16 * "cafe" "Завтрак ([[Goji Cafe]])"
  Expenses:Food  26.20 AUD
  Assets:Cash  -26.20 AUD

2026-01-16 * "Массаж Gummy"
  Expenses:Services  200 AUD
  Assets:Cash  -200 AUD

2026-01-16 * "2 энергетика и шоколад (711)"
  Expenses:Food  10.25 AUD
  Assets:Cash  -10.25 AUD

2026-01-16 * "Coles" "Ice tea, энергетик, наклейки на нос"
  Expenses:Shopping  37.75 AUD
  Assets:Cash  -37.75 AUD

2026-01-17 * "amazon" "Худи НАСА и белая шапка Санты"
  Expenses:Shopping  105.70 AUD
  Assets:Cash  -105.70 AUD

2026-01-17 * "Claude"
  Expenses:Subscriptions  170 AUD
  Assets:Cash  -170 AUD

2026-01-18 * "Лимонад, 2 энергетика, МнМс, освежитель (711)"
  Expenses:Shopping  22.95 AUD
  Assets:Cash  -22.95 AUD

2026-01-18 * "Лимонад ([[ASMY]])"
  Expenses:Food  4 AUD
  Assets:Cash  -4 AUD

2026-01-19 * "Goji Cafe" "Завтрак"
  Expenses:Food  27.20 AUD
  Assets:Cash  -27.20 AUD

2026-01-19 * "PayPal to BCC"
  Expenses:Fees  7 AUD
  Assets:Cash  -7 AUD

2026-01-19 * "Bcc 580 usd to 830 AUD in wise with"
  Expenses:Fees  45 AUD
  Assets:Cash  -45 AUD

2026-01-19 * "Woolworths" "Цветы, гороскоп на 2026, 2 печенья"
  Expenses:Shopping  37.15 AUD
  Assets:Cash  -37.15 AUD

2026-01-20 * "Goji Cafe" "Завтрак и Матча"
  Expenses:Food  26.20 AUD
  Assets:Cash  -26.20 AUD

2026-01-20 * "Amaysim" "subscription"
  Expenses:Subscriptions  30 AUD
  Assets:Cash  -30 AUD

2026-01-20 * "Цветы"
  Expenses:Shopping  72 AUD
  Assets:Cash  -72 AUD

2026-01-20 * "Choice" "Конверты"
  Expenses:Shopping  3 AUD
  Assets:Cash  -3 AUD

2026-01-20 * "ALDI" "Ice tea печенье энергетик"
  Expenses:Shopping  7.40 AUD
  Assets:Cash  -7.40 AUD

2026-01-21 * "Goji Cafe" "Завтрак"
  Expenses:Food  31.20 AUD
  Assets:Cash  -31.20 AUD

2026-01-21 * "ALDI" "Лимонад и энергетик"
  Expenses:Shopping  4.60 AUD
  Assets:Cash  -4.60 AUD

2026-01-22 * "ALDI" "Печенье Ice tea, енергетик"
  Expenses:Shopping  7.35 AUD
  Assets:Cash  -7.35 AUD

2026-01-22 * "Choice" "Бумажные стаканчики"
  Expenses:Shopping  5 AUD
  Assets:Cash  -5 AUD

2026-01-23 * "ALDI" "Ice tea, Kit Kat"
  Expenses:Shopping  4.20 AUD
  Assets:Cash  -4.20 AUD

2026-01-23 * "Массаж"
  Expenses:Health  80 AUD
  Assets:Cash  -80 AUD

2026-01-23 * "Массаж (доп)"
  Expenses:Health  220 AUD
  Assets:Cash  -220 AUD

2026-01-23 * "PizzaHut" "Пицца"
  Expenses:Food  5 AUD
  Assets:Cash  -5 AUD

2026-01-24 * "Бургер, фри и вода"
  Expenses:Food  19.50 AUD
  Assets:Cash  -19.50 AUD

2026-01-24 * "Coles" "Резинка"
  Expenses:Shopping  2.50 AUD
  Assets:Cash  -2.50 AUD

2026-01-24 * "Пазлы"
  Expenses:Shopping  60 AUD
  Assets:Cash  -60 AUD

2026-01-25 * "PizzaHut" "Пицца"
  Expenses:Food  5 AUD
  Assets:Cash  -5 AUD

2026-01-25 * "PizzaHut" "Кокосовая вода с кофе"
  Expenses:Food  5 AUD
  Assets:Cash  -5 AUD

2026-01-26 * "Мешочек для ключей"
  Expenses:Shopping  1.50 AUD
  Assets:Cash  -1.50 AUD

2026-01-26 * "Dominos" "Пицца"
  Expenses:Food  7 AUD
  Assets:Cash  -7 AUD

2026-01-26 * "ALDI" "Цветы, печенье, ice tea, энергетик"
  Expenses:Shopping  17.55 AUD
  Assets:Cash  -17.55 AUD

2026-01-27 * "711" "Бензин"
  Expenses:Shopping  79 AUD
  Assets:Cash  -79 AUD

2026-01-27 * "Goji Cafe" "Матча с Oat"
  Expenses:Food  7.20 AUD
  Assets:Cash  -7.20 AUD

2026-01-27 * "Cw" "Матча и завтрак"
  Expenses:Food  26.30 AUD
  Assets:Cash  -26.30 AUD

2026-01-27 * "Barbershop" "Стрижка"
  Expenses:Shopping  35 AUD
  Assets:Cash  -35 AUD

2026-01-27 * "Китайский магазин" "Пуэр"
  Expenses:Food  14 AUD
  Assets:Cash  -14 AUD

2026-01-27 * "Goji Cafe" "Good Morning 2"
  Expenses:Food  2 AUD
  Assets:Cash  -2 AUD

2026-01-27 * "ALDI" "Ice tea, v energy, печенье"
  Expenses:Shopping  7.40 AUD
  Assets:Cash  -7.40 AUD

2026-01-27 * "Strum App"
  Expenses:Shopping  30 AUD
  Assets:Cash  -30 AUD

2026-01-28 * "Goji Cafe" "Завтрак и Матча с оат молоком"
  Expenses:Food  32.10 AUD
  Assets:Cash  -32.10 AUD

2026-01-28 * "ALDI" "Печенье, oat milk, v energy, ice tea"
  Expenses:Shopping  10.50 AUD
  Assets:Cash  -10.50 AUD

2026-01-28 * "Брелок для ключей"
  Expenses:Other  10 AUD
  Assets:Cash  -10 AUD

2026-01-28 * "Махешику за февраль"
  Expenses:Other  5500 IDR
  Assets:Cash  -5500 IDR

2026-01-29 * "subscription Claude Pro Max 20x"
  Expenses:Other  231 AUD
  Assets:Cash  -231 AUD

2026-01-29 * "Цветы и бутылка стеклянная для воды"
  Expenses:Shopping  24.50 AUD
  Assets:Cash  -24.50 AUD

2026-01-29 * "3 карабина"
  Expenses:Shopping  2.50 AUD
  Assets:Cash  -2.50 AUD

2026-01-29 * "USB stick"
  Expenses:Shopping  32 AUD
  Assets:Cash  -32 AUD

2026-01-30 * "Goji" "Асаи и матча"
  Expenses:Food  22.50 AUD
  Assets:Cash  -22.50 AUD

2026-01-30 * "Массаж [[GC Gummy]] утро"
  Expenses:Health  200 AUD
  Assets:Cash  -200 AUD

2026-01-30 * "Массаж [[GC Magi]] вечер"
  Expenses:Health  270 AUD
  Assets:Cash  -270 AUD

2026-01-31 * "Mini coco fluff and Matcha with Oat milk [[Goji]]"
  Expenses:Food  12 AUD
  Assets:Cash  -12 AUD

2026-01-31 * "Принтер наклеек с телефона"
  Expenses:Shopping  380 AUD
  Assets:Cash  -380 AUD

2026-02-01 * "Массаж"
  Expenses:Health  270 AUD
  Assets:Cash  -270 AUD

2026-02-01 * "Pizza Hut" "Пицца"
  Expenses:Food  5.70 AUD
  Assets:Cash  -5.70 AUD

2026-02-02 * "Pizza Hut" "Coconut coffee"
  Expenses:Food  5 AUD
  Assets:Cash  -5 AUD

2026-02-02 * "Pizza Hut" "Pizza"
  Expenses:Food  5 AUD
  Assets:Cash  -5 AUD

2026-02-02 * "7 Eleven" "Шоколад и 2 энергетика"
  Expenses:Shopping  11 AUD
  Assets:Cash  -11 AUD

2026-02-02 * "Coles" "Энергетик, сливки, ice tea, подсластитель"
  Expenses:Shopping  19.15 AUD
  Assets:Cash  -19.15 AUD

2026-02-02 * "обучение" "Social online course"
  Expenses:Other  53 AUD
  Assets:Cash  -53 AUD

2026-02-03 * "Заправка" "Бензин"
  Expenses:Transport  37.75 AUD
  Assets:Cash  -37.75 AUD

2026-02-03 * "ALDI" "Ice tea, v energy, шоколад, 2 орехи, молоко"
  Expenses:Shopping  38.20 AUD
  Assets:Cash  -38.20 AUD

2026-02-03 * "Woolworths" "Шоколад цветы"
  Expenses:Shopping  20.50 AUD
  Assets:Cash  -20.50 AUD

2026-02-03 * "подписка" "Civitai subscription 1 month"
  Expenses:Other  15 AUD
  Assets:Cash  -15 AUD

2026-02-04 * "Goji Cafe" "Tempura Me and Matcha with Oat Milk"
  Expenses:Food  31.20 AUD
  Assets:Cash  -31.20 AUD

2026-02-04 * "Choice" "Solo energy"
  Expenses:Shopping  3 AUD
  Assets:Cash  -3 AUD

2026-02-05 * "Goji Cafe" "Завтрак"
  Expenses:Food  27.20 AUD
  Assets:Cash  -27.20 AUD

2026-02-05 * "Guzman and Gomez" "Burrito and Chai"
  Expenses:Food  19.50 AUD
  Assets:Cash  -19.50 AUD

2026-02-05 * "ALDI" "Шоколад, v energy, ice tea"
  Expenses:Shopping  8.05 AUD
  Assets:Cash  -8.05 AUD

2026-02-05 * "Заправка" "Бензин"
  Expenses:Transport  12.50 AUD
  Assets:Cash  -12.50 AUD

2026-02-05 * "GoCube"
  Expenses:Shopping  105 AUD
  Assets:Cash  -105 AUD

2026-02-06 * "Guzman and Gomez" "Бурито и лате"
  Expenses:Food  16.70 AUD
  Assets:Cash  -16.70 AUD

2026-02-06 * "Coles" "Энергетик и шоколад"
  Expenses:Shopping  8.20 AUD
  Assets:Cash  -8.20 AUD

2026-02-07 * "Guzman y Gomez" "Quesadilla and tea"
  Expenses:Food  15.20 AUD
  Assets:Cash  -15.20 AUD

2026-02-07 * "ALDI" "2 печенье, энергетик, ice tea"
  Expenses:Shopping  10.15 AUD
  Assets:Cash  -10.15 AUD

2026-02-08 * "Guzman y Gomez" "Big Bur Shitake, Hash Brown, Med Latte"
  Expenses:Food  18.70 AUD
  Assets:Cash  -18.70 AUD

2026-02-08 * "Музыкальный Магазин" "Губная гармошка"
  Expenses:Shopping  50 AUD
  Assets:Cash  -50 AUD

2026-02-08 * "Аптека" "NMN"
  Expenses:Shopping  90 AUD
  Assets:Cash  -90 AUD

2026-02-08 * "Аптека" "Вода"
  Expenses:Shopping  4 AUD
  Assets:Cash  -4 AUD

2026-02-09 * "Guzman y Gomez" "Tacos"
  Expenses:Food  14.70 AUD
  Assets:Cash  -14.70 AUD

2026-02-09 * "711" "2 энергетика и печенье"
  Expenses:Shopping  11.90 AUD
  Assets:Cash  -11.90 AUD

2026-02-09 * "Массаж"
  Expenses:Health  270 AUD
  Assets:Cash  -270 AUD

2026-02-09 * "Pizza Hut" "Пицца"
  Expenses:Food  5 AUD
  Assets:Cash  -5 AUD

2026-02-09 * "Pizza Hut" "Бутылка воды"
  Expenses:Food  2 AUD
  Assets:Cash  -2 AUD

2026-02-10 * "711" "2 энергетика и шоколад"
  Expenses:Shopping  10.75 AUD
  Assets:Cash  -10.75 AUD

2026-02-10 * "Woolworths" "Носки и лакрица"
  Expenses:Shopping  18.75 AUD
  Assets:Cash  -18.75 AUD

2026-02-11 * "Заправка" "Заправка"
  Expenses:Transport  36 AUD
  Assets:Cash  -36 AUD

2026-02-11 * "711" "2 энергетика и шоколад"
  Expenses:Shopping  10.10 AUD
  Assets:Cash  -10.10 AUD

2026-02-11 * "Health shop" "Arganin"
  Expenses:Shopping  72.10 AUD
  Assets:Cash  -72.10 AUD

2026-02-11 * "Health shop" "Цитрулин"
  Expenses:Shopping  0 AUD
  Assets:Cash  0 AUD

2026-02-11 * "711" "Аромат для машины"
  Expenses:Shopping  4.95 AUD
  Assets:Cash  -4.95 AUD

2026-02-12 * "Заправка" "Бензин"
  Expenses:Transport  85 AUD
  Assets:Cash  -85 AUD

2026-02-12 * "Кокосовая вода с кофе"
  Expenses:Food  5 AUD
  Assets:Cash  -5 AUD

2026-02-12 * "Cash Converters" "Гитара"
  Expenses:Shopping  650 AUD
  Assets:Cash  -650 AUD

2026-02-12 * "GYG" "Обед и кофе"
  Expenses:Food  16.70 AUD
  Assets:Cash  -16.70 AUD

2026-02-12 * "Choice" "Цепочка для кошелька"
  Expenses:Shopping  2 AUD
  Assets:Cash  -2 AUD

2026-02-13 * "Матча с оат милк"
  Expenses:Food  6.40 AUD
  Assets:Cash  -6.40 AUD

2026-02-14 * "Пицца"
  Expenses:Food  25 AUD
  Assets:Cash  -25 AUD

2026-02-16 * "Массаж"
  Expenses:Health  80 AUD
  Assets:Cash  -80 AUD

2026-02-16 * "Массаж с [[ASMY-Emma]]"
  Expenses:Health  200 AUD
  Assets:Cash  -200 AUD

2026-02-16 * "Pizza Hut" "Кокосовая вода"
  Expenses:Food  5 AUD
  Assets:Cash  -5 AUD

2026-02-16 * "Pizza Hut" "Пицца"
  Expenses:Food  5 AUD
  Assets:Cash  -5 AUD

2026-02-16 * "ALDI" "Ice tea, 2 печенье, энергетик"
  Expenses:Shopping  10.25 AUD
  Assets:Cash  -10.25 AUD

2026-02-17 * "VPS" "VPS to Sydney"
  Expenses:Tech:Infrastructure  60 AUD
  Assets:Cash  -60 AUD

2026-02-17 * "Домен PRIVOROT-GADANIE.COM за год"
  Expenses:Tech:Infrastructure  74.03 AUD
  Assets:Cash  -74.03 AUD

2026-02-18 * "GYG" "Завтрак и латте"
  Expenses:Food  16.20 AUD
  Assets:Cash  -16.20 AUD

2026-02-18 * "Pizza Hut" "Пицца"
  Expenses:Food  5 AUD
  Assets:Cash  -5 AUD

2026-02-18 * "Кокосовая вода"
  Expenses:Food  5 AUD
  Assets:Cash  -5 AUD

2026-02-19 * "Комиссия за перевод"
  Expenses:Fees  35 AUD
  Assets:Cash  -35 AUD

2026-02-19 * "Монитор"
  Expenses:Services:Repair  148 AUD
  Assets:Cash  -148 AUD

2026-02-19 * "Струны"
  Expenses:Entertainment:Music  70 AUD
  Assets:Cash  -70 AUD

2026-02-19 * "Пицца"
  Expenses:Food  25 AUD
  Assets:Cash  -25 AUD

2026-02-20 * "Кабель для зарядки от Power Bank"
  Expenses:Shopping  25 AUD
  Assets:Cash  -25 AUD

2026-02-21 * "2 шоколадки, вода, 2 энергетика"
  Expenses:Shopping  21.40 AUD
  Assets:Cash  -21.40 AUD

2026-02-21 * "Чипсы"
  Expenses:Food  7.50 AUD
  Assets:Cash  -7.50 AUD

2026-02-21 * "Кемпинг"
  Expenses:Travel  25 AUD
  Assets:Cash  -25 AUD

2026-02-22 * "Оборудование для гитары"
  Expenses:Shopping  2990 RUB
  Assets:Cash  -2990 RUB

2026-02-22 * "ЗП 20 февраля"
  Assets:Cash  500 AUD
  Income:Other  -500 AUD

2026-02-22 * "ЗП CRM"
  Income:Other  2990 RUB
  Assets:Cash  -2990 RUB

2026-02-22 * "Энергетик 473ml"
  Expenses:Shopping  7.20 AUD
  Assets:Cash  -7.20 AUD

2026-02-22 * "Блины с капучино"
  Expenses:Food  7.50 AUD
  Assets:Cash  -7.50 AUD

2026-02-22 * "Заправка" "Бензин"
  Expenses:Transport  80.30 AUD
  Assets:Cash  -80.30 AUD

2026-02-22 * "Пицца"
  Expenses:Food  5.70 AUD
  Assets:Cash  -5.70 AUD

2026-02-22 * "Лимонад"
  Expenses:Food  3 AUD
  Assets:Cash  -3 AUD

2026-02-22 * "Сладости charity"
  Expenses:Food  4 AUD
  Assets:Cash  -4 AUD

2026-02-23 * "Woolworths" "2 цветы и 2 сливки"
  Expenses:Shopping  42 AUD
  Assets:Cash  -42 AUD

2026-02-23 * "Kava"
  Expenses:Food  70 AUD
  Assets:Cash  -70 AUD

2026-02-23 * "Flannerys Robina" "Pine Bark"
  Expenses:Shopping  20 AUD
  Assets:Cash  -20 AUD

2026-02-23 * "Flannerys Robina" "Лимонад из кокоса"
  Expenses:Shopping  4 AUD
  Assets:Cash  -4 AUD

2026-02-24 * "GYG" "Завтрак"
  Expenses:Food  11.60 AUD
  Assets:Cash  -11.60 AUD

2026-02-24 * "Драник и гукамоле"
  Expenses:Food  4.70 AUD
  Assets:Cash  -4.70 AUD

2026-02-24 * "ALDI" "2 энергетика, ice tea, хлеб, 2 печенье, oat milk"
  Expenses:Shopping  17.30 AUD
  Assets:Cash  -17.30 AUD

2026-02-25 * "Сандвич и чай"
  Expenses:Food  25.50 AUD
  Assets:Cash  -25.50 AUD

2026-02-26 * "Ice tea, 2 timtam, печенье, какао, кофе"
  Expenses:Food  33.50 AUD
  Assets:Cash  -33.50 AUD

2026-02-27 * "Энергетик 500ml"
  Expenses:Food  6 AUD
  Assets:Cash  -6 AUD

2026-02-27 * "Пицца"
  Expenses:Food  5 AUD
  Assets:Cash  -5 AUD

2026-02-27 * "Лимонад"
  Expenses:Food  3.10 AUD
  Assets:Cash  -3.10 AUD

2026-02-27 * "Vegetarian Kebab"
  Expenses:Food  18.50 AUD
  Assets:Cash  -18.50 AUD

2026-02-27 * "Лимонад и шоколад"
  Expenses:Food  4.60 AUD
  Assets:Cash  -4.60 AUD

2026-02-27 * "Чай dandelion"
  Expenses:Food  13 AUD
  Assets:Cash  -13 AUD

2026-02-27 * "Haircut"
  Expenses:Shopping  37 AUD
  Assets:Cash  -37 AUD

2026-03-01 * "Миндаль, кешью, ромашка"
  Expenses:Shopping  69.30 AUD
  Assets:Cash  -69.30 AUD

2026-03-01 * "2 энергетика и шоколад"
  Expenses:Shopping  18.30 AUD
  Assets:Cash  -18.30 AUD

2026-03-01 * "Subscription Claude Code Max 20x"
  Expenses:Other  309 AUD
  Assets:Cash  -309 AUD

2026-03-01 * "[[ASMY]] membership"
  Expenses:Other  250 AUD
  Assets:Cash  -250 AUD

2026-03-04 * "711" "2 энергетика и шоколад"
  Expenses:Food  11.20 AUD
  Assets:Cash  -11.20 AUD

2026-03-04 * "Занятие табла"
  Expenses:Other  65 AUD
  Assets:Cash  -65 AUD

2026-03-04 * "Рукописи на Санскрите"
  Expenses:Other  4800 RUB
  Assets:Cash  -4800 RUB

2026-03-05 * "Subscription privorot-help.com"
  Expenses:Other  76.50 AUD
  Assets:Cash  -76.50 AUD

2026-03-05 * "7 Eleven" "2 энергетика и шоколад"
  Expenses:Shopping  14.50 AUD
  Assets:Cash  -14.50 AUD

2026-03-05 * "7 Eleven" "Заправка"
  Expenses:Shopping  20 AUD
  Assets:Cash  -20 AUD

2026-03-05 * "Стекло и батарея на телефон"
  Expenses:Shopping  180 AUD
  Assets:Cash  -180 AUD

2026-03-05 * "Подставка в машину"
  Expenses:Shopping  29 AUD
  Assets:Cash  -29 AUD

2026-03-05 * "Subscription [[Прем Баба]]"
  Expenses:Other  52 AUD
  Assets:Cash  -52 AUD

2026-03-06 * "711" "2 энергетика и шоколад"
  Expenses:Food  11.20 AUD
  Assets:Cash  -11.20 AUD

2026-03-06 * "ALDI" "3 печенья, энергетик, ice tea, banana"
  Expenses:Shopping  14.60 AUD
  Assets:Cash  -14.60 AUD

2026-03-06 * "GYG" "Обед"
  Expenses:Food  17 AUD
  Assets:Cash  -17 AUD

2026-03-06 * "NextClinic e-script"
  Expenses:Other  50 AUD
  Assets:Cash  -50 AUD

2026-03-06 * "Chemist Warehouse" "Sildenafil"
  Expenses:Other  45 AUD
  Assets:Cash  -45 AUD

2026-03-06 * "Water"
  Expenses:Shopping  2.60 AUD
  Assets:Cash  -2.60 AUD

2026-03-06 * "Shishi massage"
  Expenses:Other  200 AUD
  Assets:Cash  -200 AUD

2026-03-06 * "Hungry Jack's" "Veggie Wrapper"
  Expenses:Food  10.50 AUD
  Assets:Cash  -10.50 AUD

2026-03-06 * "Бензин"
  Expenses:Shopping  103.90 AUD
  Assets:Cash  -103.90 AUD

2026-03-07 * "Avocado roll"
  Expenses:Food  4.50 AUD
  Assets:Cash  -4.50 AUD

2026-03-09 * "2 энергетика и мороженое"
  Expenses:Shopping  12.50 AUD
  Assets:Cash  -12.50 AUD

2026-03-09 * "2 энергетика"
  Expenses:Shopping  7 AUD
  Assets:Cash  -7 AUD

2026-03-09 * "Цветы, кофе"
  Expenses:Shopping  23 AUD
  Assets:Cash  -23 AUD

2026-03-10 * "Буррито с кофе"
  Expenses:Food  15 AUD
  Assets:Cash  -15 AUD

2026-03-10 * "2 кабеля для зарядки iPhone"
  Expenses:Shopping  50 AUD
  Assets:Cash  -50 AUD

2026-03-10 * "Сок и шоколад"
  Expenses:Shopping  7.25 AUD
  Assets:Cash  -7.25 AUD

2026-03-10 * "Пицца"
  Expenses:Food  25 AUD
  Assets:Cash  -25 AUD

2026-03-11 * "Pizza Hut" "Пицца"
  Expenses:Food  5 AUD
  Assets:Cash  -5 AUD

2026-03-11 * "Кокос с кофе"
  Expenses:Food  5 AUD
  Assets:Cash  -5 AUD

2026-03-11 * "Табласы"
  Expenses:Other  700 RUB
  Assets:Cash  -700 RUB

2026-03-11 * "Тальк"
  Expenses:Shopping  6.50 AUD
  Assets:Cash  -6.50 AUD

2026-03-11 * "Перевод Бендиго в кэш"
  Expenses:Other  200 AUD
  Assets:Cash  -200 AUD

2026-03-12 * "Обед quesadilla и кофе"
  Expenses:Food  15.50 AUD
  Assets:Cash  -15.50 AUD

2026-03-12 * "2 энергетика"
  Expenses:Food  7 AUD
  Assets:Cash  -7 AUD

2026-03-13 * "2 энергетика и шоколад"
  Expenses:Shopping  12.50 AUD
  Assets:Cash  -12.50 AUD

2026-03-13 * "GYG" "Завтрак"
  Expenses:Food  19.50 AUD
  Assets:Cash  -19.50 AUD

2026-03-13 * "Goldie" "Chamomile tea 's"
  Expenses:Food  4.50 AUD
  Assets:Cash  -4.50 AUD

2026-03-14 * "Шоколад"
  Expenses:Shopping  8 AUD
  Assets:Cash  -8 AUD

2026-03-14 * "2 энергетика"
  Expenses:Shopping  7 AUD
  Assets:Cash  -7 AUD

2026-03-15 * "2 энергетика"
  Expenses:Shopping  7 AUD
  Assets:Cash  -7 AUD

2026-03-15 * "Rhythm App"
  Expenses:Subscriptions:Apps  9 AUD
  Assets:Cash  -9 AUD

2026-03-16 * "maps" "Australia map"
  Expenses:Other  13 AUD
  Assets:Cash  -13 AUD

2026-03-16 * "Brownie and Tea"
  Expenses:Food  19.50 AUD
  Assets:Cash  -19.50 AUD

2026-03-17 * "Энергетик"
  Expenses:Other  3 AUD
  Assets:Cash  -3 AUD

2026-03-17 * "Subscription Suno"
  Expenses:Other  38 AUD
  Assets:Cash  -38 AUD

2026-03-17 * "Arganin и чай Тулси"
  Expenses:Other  93.75 AUD
  Assets:Cash  -93.75 AUD

2026-03-17 * "Фалафель и фанта"
  Expenses:Other  18.10 AUD
  Assets:Cash  -18.10 AUD

2026-03-17 * "NutriBullet и энергетик"
  Expenses:Other  83.50 AUD
  Assets:Cash  -83.50 AUD

2026-03-18 * "Book"
  Expenses:Other  40 AUD
  Assets:Cash  -40 AUD

2026-03-18 * "Энергетик"
  Expenses:Other  2.70 AUD
  Assets:Cash  -2.70 AUD

2026-03-18 * "Энергетик"
  Expenses:Other  2 AUD
  Assets:Cash  -2 AUD

2026-03-18 * "Amaysim"
  Expenses:Other  30 AUD
  Assets:Cash  -30 AUD

2026-03-18 * "Обед"
  Expenses:Other  16.20 AUD
  Assets:Cash  -16.20 AUD

2026-03-18 * "Энергетик и шоколад"
  Expenses:Other  6.50 AUD
  Assets:Cash  -6.50 AUD

2026-03-18 * "Энергетик"
  Expenses:Other  3 AUD
  Assets:Cash  -3 AUD

2026-03-18 * "Таблы"
  Expenses:Other  173 AUD
  Assets:Cash  -173 AUD

2026-03-18 * "Бензин"
  Expenses:Other  112.75 AUD
  Assets:Cash  -112.75 AUD

2026-03-18 * "Кэроб"
  Expenses:Other  5 AUD
  Assets:Cash  -5 AUD

2026-03-19 * "Сендвич"
  Expenses:Other  12.90 AUD
  Assets:Cash  -12.90 AUD

2026-03-19 * "Энергетик"
  Expenses:Other  6 AUD
  Assets:Cash  -6 AUD

2026-03-19 * "Бурито и ice tea"
  Expenses:Other  16.20 AUD
  Assets:Cash  -16.20 AUD

2026-03-19 * "Шоколад и орехи"
  Expenses:Other  17.50 AUD
  Assets:Cash  -17.50 AUD

2026-03-20 * "Матча и пирожное"
  Expenses:Other  15.50 AUD
  Assets:Cash  -15.50 AUD

2026-03-20 * "Завтрак"
  Expenses:Other  16.20 AUD
  Assets:Cash  -16.20 AUD

2026-03-20 * "4 энергетика"
  Expenses:Other  4 AUD
  Assets:Cash  -4 AUD

2026-03-20 * "Обед"
  Expenses:Other  20.50 AUD
  Assets:Cash  -20.50 AUD

2026-03-20 * "Энергетик и шоколад"
  Expenses:Other  5.10 AUD
  Assets:Cash  -5.10 AUD

2026-03-20 * "subscription Prem Baba"
  Expenses:Other  53 AUD
  Assets:Cash  -53 AUD

2026-03-21 * "Meditation Seminar"
  Expenses:Other  27 AUD
  Assets:Cash  -27 AUD

2026-03-21 * "Burrito"
  Expenses:Other  11 AUD
  Assets:Cash  -11 AUD

2026-03-21 * "Энергетик и шоколад"
  Expenses:Other  9.50 AUD
  Assets:Cash  -9.50 AUD

2026-03-22 * "Десерт"
  Expenses:Other  9 AUD
  Assets:Cash  -9 AUD

2026-03-22 * "Шоколад"
  Expenses:Other  2.50 AUD
  Assets:Cash  -2.50 AUD

2026-03-23 * "Donation Vera"
  Expenses:Other  100 AUD
  Assets:Cash  -100 AUD

2026-03-23 * "4 энергетика и шоколад"
  Expenses:Other  10.10 AUD
  Assets:Cash  -10.10 AUD

2026-03-23 * "Обед"
  Expenses:Other  11 AUD
  Assets:Cash  -11 AUD

2026-03-24 * "Шоколад"
  Expenses:Other  4 AUD
  Assets:Cash  -4 AUD

2026-03-24 * "Энергетик"
  Expenses:Other  4.60 AUD
  Assets:Cash  -4.60 AUD

2026-03-24 * "Шоколад и 4 энергетик"
  Expenses:Other  9.50 AUD
  Assets:Cash  -9.50 AUD

2026-03-24 * "Буррито и мил"
  Expenses:Other  22 AUD
  Assets:Cash  -22 AUD

2026-03-25 * "Завтрак"
  Expenses:Other  14.20 AUD
  Assets:Cash  -14.20 AUD

2026-03-25 * "Лате"
  Expenses:Other  4 AUD
  Assets:Cash  -4 AUD

2026-03-25 * "Печенье"
  Expenses:Other  3.60 AUD
  Assets:Cash  -3.60 AUD

2026-03-25 * "Обед"
  Expenses:Other  15.40 AUD
  Assets:Cash  -15.40 AUD

2026-03-25 * "Пластырь от мозоли"
  Expenses:Other  13 AUD
  Assets:Cash  -13 AUD

2026-03-26 * "Энергетики и шоколад"
  Expenses:Other  11.75 AUD
  Assets:Cash  -11.75 AUD

2026-03-26 * "Ginger ninja and snickers"
  Expenses:Other  7 AUD
  Assets:Cash  -7 AUD

2026-03-26 * "Стрижка и бритье"
  Expenses:Other  72 AUD
  Assets:Cash  -72 AUD

2026-03-26 * "Обед"
  Expenses:Other  15.70 AUD
  Assets:Cash  -15.70 AUD

2026-03-26 * "Шоколад"
  Expenses:Other  4 AUD
  Assets:Cash  -4 AUD

2026-03-26 * "2 чипсы и шоколад"
  Expenses:Other  17 AUD
  Assets:Cash  -17 AUD

2026-03-27 * "Сок и шоколад"
  Expenses:Other  7 AUD
  Assets:Cash  -7 AUD

2026-03-27 * "4 энергетика"
  Expenses:Other  4 AUD
  Assets:Cash  -4 AUD

2026-03-27 * "Обед"
  Expenses:Other  14.20 AUD
  Assets:Cash  -14.20 AUD

2026-03-27 * "Churros"
  Expenses:Other  4 AUD
  Assets:Cash  -4 AUD

2026-03-27 * "subscription useapi"
  Expenses:Other  23 AUD
  Assets:Cash  -23 AUD

2026-03-28 * "Массаж"
  Expenses:Other  280 AUD
  Assets:Cash  -280 AUD

2026-03-28 * "2 энергетика"
  Expenses:Other  7 AUD
  Assets:Cash  -7 AUD

2026-03-28 * "Шоколад"
  Expenses:Other  9 AUD
  Assets:Cash  -9 AUD

2026-03-28 * "Курсы НЛП и Гипноз"
  Expenses:Other  54 AUD
  Assets:Cash  -54 AUD

2026-03-28 * "Курсы Английского"
  Expenses:Other  127 AUD
  Assets:Cash  -127 AUD

2026-03-28 * "Шоколад"
  Expenses:Other  3.50 AUD
  Assets:Cash  -3.50 AUD

2026-03-28 * "Курс по Английскому только"
  Expenses:Other  60 AUD
  Assets:Cash  -60 AUD

2026-03-28 * "Только"
  Expenses:Other  40 AUD
  Assets:Cash  -40 AUD

2026-03-29 * "Органик чипсы"
  Expenses:Other  3.80 AUD
  Assets:Cash  -3.80 AUD

2026-03-29 * "Шоколад с мятой"
  Expenses:Other  3 AUD
  Assets:Cash  -3 AUD

2026-03-29 * "Энергетик"
  Expenses:Other  4.50 AUD
  Assets:Cash  -4.50 AUD

2026-03-30 * "Энергетик и шоколад"
  Expenses:Other  4.25 AUD
  Assets:Cash  -4.25 AUD

2026-03-30 * "4 энергетика и мятный шоколад"
  Expenses:Other  9 AUD
  Assets:Cash  -9 AUD

2026-03-30 * "Обед"
  Expenses:Other  15.50 AUD
  Assets:Cash  -15.50 AUD

2026-03-30 * "за жильё"
  Expenses:Other  350 AUD
  Assets:Cash  -350 AUD

2026-03-31 * "2 энергетика и шоколад"
  Expenses:Other  18.50 AUD
  Assets:Cash  -18.50 AUD

2026-03-31 * "Шоколадки и 4 энергетика"
  Expenses:Other  9.50 AUD
  Assets:Cash  -9.50 AUD

2026-03-31 * "Обед Начос"
  Expenses:Other  16.40 AUD
  Assets:Cash  -16.40 AUD

2026-03-31 * "Ретрит"
  Expenses:Other  750 AUD
  Assets:Cash  -750 AUD

2026-04-01 * "Энергетик"
  Expenses:Other  2.75 AUD
  Assets:Cash  -2.75 AUD

2026-04-01 * "Claude Max 20x"
  Expenses:Other  330 AUD
  Assets:Cash  -330 AUD

2026-04-01 * "Энергетик"
  Expenses:Other  2.75 AUD
  Assets:Cash  -2.75 AUD

2026-04-01 * "Энергетик"
  Expenses:Other  2.75 AUD
  Assets:Cash  -2.75 AUD

2026-04-02 * "2 энергетика"
  Expenses:Other  7 AUD
  Assets:Cash  -7 AUD

2026-04-02 * "Энергетик"
  Expenses:Other  2 AUD
  Assets:Cash  -2 AUD

2026-04-02 * "Энергетик"
  Expenses:Other  2 AUD
  Assets:Cash  -2 AUD

2026-04-02 * "Бензин"
  Expenses:Other  117.75 AUD
  Assets:Cash  -117.75 AUD

2026-04-02 * "Обед"
  Expenses:Other  15.40 AUD
  Assets:Cash  -15.40 AUD

2026-04-04 * "4 энергетика и сникерс"
  Expenses:Other  13.50 AUD
  Assets:Cash  -13.50 AUD

2026-04-04 * "Кабель"
  Expenses:Other  17 AUD
  Assets:Cash  -17 AUD

2026-04-05 * "Курс"
  Expenses:Other  7 AUD
  Assets:Cash  -7 AUD

2026-04-05 * "Карты оракул"
  Expenses:Other  24 AUD
  Assets:Cash  -24 AUD

2026-04-06 * "4 энергетика и скотч"
  Expenses:Other  15.25 AUD
  Assets:Cash  -15.25 AUD

2026-04-07 * "Энергетик"
  Expenses:Other  2.75 AUD
  Assets:Cash  -2.75 AUD

2026-04-07 * "Энергетик"
  Expenses:Other  2.75 AUD
  Assets:Cash  -2.75 AUD

2026-04-07 * "Обед мини бурито и айс ти"
  Expenses:Other  16.20 AUD
  Assets:Cash  -16.20 AUD

2026-04-07 * "Зубная паста"
  Expenses:Other  5.60 AUD
  Assets:Cash  -5.60 AUD

2026-04-07 * "Цветы"
  Expenses:Other  15 AUD
  Assets:Cash  -15 AUD

2026-04-11 * "Массаж"
  Expenses:Other  200 AUD
  Assets:Cash  -200 AUD

2026-04-11 * "711" "Шоколад и энергетик"
  Expenses:Shopping  9.25 AUD
  Assets:Cash  -9.25 AUD

2026-04-13 * "подписка DeployHQ"
  Expenses:Other  23 AUD
  Assets:Cash  -23 AUD

2026-04-13 * "711" "Шоколад и 2 энергетика"
  Expenses:Shopping  18 AUD
  Assets:Cash  -18 AUD

2026-04-13 * "GojiBakeryCafe" "Матча"
  Expenses:Food  6.70 AUD
  Assets:Cash  -6.70 AUD

2026-04-13 * "Coles" "Энергетик"
  Expenses:Shopping  2 AUD
  Assets:Cash  -2 AUD

2026-04-13 * "GYG" "Обед"
  Expenses:Food  15 AUD
  Assets:Cash  -15 AUD

2026-04-13 * "ALDI" "Ice tea и 4 энергетика"
  Expenses:Shopping  6 AUD
  Assets:Cash  -6 AUD

2026-04-18 * "711" "6 шоколадок"
  Expenses:Shopping  3 AUD
  Assets:Cash  -3 AUD

2026-04-19 * "Завтрак"
  Expenses:Food  44 AUD
  Assets:Cash  -44 AUD

2026-04-21 * "Coles" "Энергетик"
  Expenses:Shopping  2.75 AUD
  Assets:Cash  -2.75 AUD

2026-04-21 * "Coles" "Энергетик"
  Expenses:Shopping  4.50 AUD
  Assets:Cash  -4.50 AUD

2026-04-21 * "Coles" "Шоколад, лакрица и энергетик"
  Expenses:Shopping  11 AUD
  Assets:Cash  -11 AUD

2026-04-21 * "GYG" "Обед"
  Expenses:Food  12.50 AUD
  Assets:Cash  -12.50 AUD

2026-04-21 * "Бензин"
  Expenses:Shopping  98.70 AUD
  Assets:Cash  -98.70 AUD

2026-04-22 * "Энергетик"
  Expenses:Shopping  2.75 AUD
  Assets:Cash  -2.75 AUD

2026-04-22 * "Энергетик"
  Expenses:Shopping  2.75 AUD
  Assets:Cash  -2.75 AUD

2026-04-22 * "BakersDelight" "Пирожок"
  Expenses:Food  4.20 AUD
  Assets:Cash  -4.20 AUD

2026-04-22 * "Oat milk"
  Expenses:Shopping  2 AUD
  Assets:Cash  -2 AUD

2026-04-22 * "Oat milk"
  Expenses:Shopping  2 AUD
  Assets:Cash  -2 AUD

2026-04-22 * "BakersDelight" "Пирожок"
  Expenses:Food  4.20 AUD
  Assets:Cash  -4.20 AUD

2026-04-22 * "BakersDelight" "Spinach and feta danish"
  Expenses:Food  0 AUD
  Assets:Cash  -0 AUD

2026-04-22 * "711" "2 шоколадки и 2 энергетика"
  Expenses:Shopping  13.60 AUD
  Assets:Cash  -13.60 AUD

2026-04-23 * "711" "Кофе и печенье"
  Expenses:Shopping  3 AUD
  Assets:Cash  -3 AUD

2026-04-23 * "Coles" "Almond milk"
  Expenses:Shopping  2 AUD
  Assets:Cash  -2 AUD

2026-04-23 * "Coles" "Spinach and feta danish"
  Expenses:Shopping  4.20 AUD
  Assets:Cash  -4.20 AUD

2026-04-23 * "Coles" "Oat milk"
  Expenses:Shopping  2 AUD
  Assets:Cash  -2 AUD

2026-04-23 * "Coles" "Spinach and feta danish"
  Expenses:Shopping  4.20 AUD
  Assets:Cash  -4.20 AUD

2026-04-23 * "IGA" "Шоколад и кофе"
  Expenses:Shopping  15.24 AUD
  Assets:Cash  -15.24 AUD

2026-04-23 * "GYG" "Обед"
  Expenses:Food  14.90 AUD
  Assets:Cash  -14.90 AUD

2026-04-24 * "Кофе"
  Expenses:Shopping  4.50 AUD
  Assets:Cash  -4.50 AUD

2026-04-24 * "Coles" "Spinach and feta danish"
  Expenses:Shopping  4.20 AUD
  Assets:Cash  -4.20 AUD

2026-04-24 * "Coles" "Oat milk"
  Expenses:Shopping  2 AUD
  Assets:Cash  -2 AUD

2026-04-24 * "2 энергетика и 2 шоколада"
  Expenses:Shopping  17.40 AUD
  Assets:Cash  -17.40 AUD

2026-04-24 * "Sauna"
  Expenses:Shopping  69 AUD
  Assets:Cash  -69 AUD

2026-04-24 * "Чипсы"
  Expenses:Shopping  4.80 AUD
  Assets:Cash  -4.80 AUD

2026-04-24 * "GYG" "Обед"
  Expenses:Food  14.90 AUD
  Assets:Cash  -14.90 AUD

2026-04-25 * "711" "2 шоколадки и энергетик"
  Expenses:Shopping  13.40 AUD
  Assets:Cash  -13.40 AUD

2026-04-25 * "Фанта и шоколад"
  Expenses:Shopping  7.30 AUD
  Assets:Cash  -7.30 AUD

2026-04-25 * "711" "Шоколад и 2 энергетика"
  Expenses:Shopping  13.50 AUD
  Assets:Cash  -13.50 AUD

2026-04-26 * "IGA" "Кокосовая вода, кефир, кофе и шоколад"
  Expenses:Shopping  35.20 AUD
  Assets:Cash  -35.20 AUD

2026-04-26 * "Carb"
  Expenses:Shopping  276 AUD
  Assets:Cash  -276 AUD

2026-04-26 * "ASMY" "Леманад"
  Expenses:Food  4 AUD
  Assets:Cash  -4 AUD

2026-04-26 * "Подписка [[Прем Баба]]"
  Expenses:Shopping  50 AUD
  Assets:Cash  -50 AUD

2026-04-27 * "Coles" "Энергетик"
  Expenses:Shopping  2.75 AUD
  Assets:Cash  -2.75 AUD

2026-04-27 * "Iga" "3 кокосовая вода и 1 энергетик"
  Expenses:Shopping  12.50 AUD
  Assets:Cash  -12.50 AUD

2026-04-27 * "HungryJack" "Мил"
  Expenses:Food  13.90 AUD
  Assets:Cash  -13.90 AUD

2026-04-27 * "Coles" "Сок"
  Expenses:Shopping  3.30 AUD
  Assets:Cash  -3.30 AUD

2026-04-27 * "HungryJack" "Мил"
  Expenses:Food  13.90 AUD
  Assets:Cash  -13.90 AUD

2026-04-28 * "Coles" "Oat milk"
  Expenses:Shopping  2 AUD
  Assets:Cash  -2 AUD

2026-04-28 * "Coles" "Spinach and feta danish"
  Expenses:Shopping  4.20 AUD
  Assets:Cash  -4.20 AUD

2026-04-28 * "Coles" "Энергетик"
  Expenses:Shopping  4.45 AUD
  Assets:Cash  -4.45 AUD

2026-04-28 * "Barbershop" "Стрижка"
  Expenses:Shopping  47 AUD
  Assets:Cash  -47 AUD

2026-04-28 * "GYG" "Обед"
  Expenses:Food  14.90 AUD
  Assets:Cash  -14.90 AUD

2026-04-28 * "ALDI" "Бананы, печенье, ice tea"
  Expenses:Shopping  10.80 AUD
  Assets:Cash  -10.80 AUD

2026-04-28 * "OpenClaw MasterClass"
  Expenses:Other  40 AUD
  Assets:Cash  -40 AUD

2026-04-29 * "Coles" "Oat milk и энергетик"
  Expenses:Shopping  6.45 AUD
  Assets:Cash  -6.45 AUD

2026-04-29 * "Woolworths" "Mediterranean pizza"
  Expenses:Shopping  5.30 AUD
  Assets:Cash  -5.30 AUD

2026-04-29 * "Шоколад и энергетик"
  Expenses:Shopping  10.75 AUD
  Assets:Cash  -10.75 AUD

2026-04-30 * "Coles" "Энергетик"
  Expenses:Shopping  4.75 AUD
  Assets:Cash  -4.75 AUD

2026-04-30 * "Oat milk"
  Expenses:Shopping  2 AUD
  Assets:Cash  -2 AUD

2026-04-30 * "Spinach and feta danish"
  Expenses:Shopping  4.20 AUD
  Assets:Cash  -4.20 AUD

2026-04-30 * "ALDI" "4 энергетика, 5 шоколада и кешью"
  Expenses:Shopping  24.50 AUD
  Assets:Cash  -24.50 AUD

2026-04-30 * "GYG" "Обед с латте"
  Expenses:Food  14.90 AUD
  Assets:Cash  -14.90 AUD

2026-04-30 * "SSD и RAM"
  Expenses:Shopping  1650 AUD
  Assets:Cash  -1650 AUD

2026-05-01 * "Claude Max"
  Expenses:Subscriptions  340 AUD
  Assets:Cash  -340 AUD

2026-05-01 * "Coles" "Энергетик"
  Expenses:Shopping  2.75 AUD
  Assets:Cash  -2.75 AUD

2026-05-01 * "GYG" "Обед с латте"
  Expenses:Food  14.90 AUD
  Assets:Cash  -14.90 AUD

2026-05-01 * "ALDI" "Шоколад"
  Expenses:Shopping  3 AUD
  Assets:Cash  -3 AUD

2026-05-01 * "NextClinic eScript"
  Expenses:Subscriptions  39.90 AUD
  Assets:Cash  -39.90 AUD

2026-05-03 * "Mannix"
  Expenses:Subscriptions  243 AUD
  Assets:Cash  -243 AUD

2026-05-03 * "711" "2 энергетика и шоколад"
  Expenses:Shopping  8.70 AUD
  Assets:Cash  -8.70 AUD

2026-05-02 * "Энергетик и шоколад"
  Expenses:Shopping  12.95 AUD
  Assets:Cash  -12.95 AUD

2026-05-02 * "BP" "Бензин"
  Expenses:Shopping  91.15 AUD
  Assets:Cash  -91.15 AUD

2026-05-02 * "BP" "Энергетик"
  Expenses:Shopping  4.30 AUD
  Assets:Cash  -4.30 AUD

2026-05-04 * "711" "2 энергетика и шоколад"
  Expenses:Shopping  13.50 AUD
  Assets:Cash  -13.50 AUD

2026-05-04 * "Ромашка"
  Expenses:Shopping  4.20 AUD
  Assets:Cash  -4.20 AUD

2026-05-04 * "Organic" "Глютен фри хлеб и шоколад"
  Expenses:Shopping  19 AUD
  Assets:Cash  -19 AUD

2026-05-04 * "Аптека" "Сильденафил"
  Expenses:Shopping  45 AUD
  Assets:Cash  -45 AUD

2026-05-05 * "Coles" "Рыбий жир и энергетик"
  Expenses:Shopping  29.20 AUD
  Assets:Cash  -29.20 AUD

2026-05-05 * "Обед"
  Expenses:Food  14 AUD
  Assets:Cash  -14 AUD

2026-05-05 * "Woolworths" "Энергетик"
  Expenses:Shopping  3.90 AUD
  Assets:Cash  -3.90 AUD

2026-05-05 * "Аптека" "Чай, Арганини"
  Expenses:Shopping  88 AUD
  Assets:Cash  -88 AUD

2026-05-06 * "Coles" "3 кокосовой воды"
  Expenses:Shopping  8.60 AUD
  Assets:Cash  -8.60 AUD

2026-05-06 * "Spinach and feta danish"
  Expenses:Food  4.20 AUD
  Assets:Cash  -4.20 AUD

2026-05-06 * "Spinach and feta danish"
  Expenses:Food  4.20 AUD
  Assets:Cash  -4.20 AUD

2026-05-07 * "ASMY" "Аренда коврика"
  Expenses:Shopping  2 AUD
  Assets:Cash  -2 AUD

2026-05-07 * "ASMY" "Сауна"
  Expenses:Shopping  39 AUD
  Assets:Cash  -39 AUD

2026-05-07 * "Coles" "Кокосовая вода"
  Expenses:Shopping  3.30 AUD
  Assets:Cash  -3.30 AUD

2026-05-07 * "Вода"
  Expenses:Shopping  4.10 AUD
  Assets:Cash  -4.10 AUD

2026-05-07 * "Burrito"
  Expenses:Food  10.90 AUD
  Assets:Cash  -10.90 AUD

2026-05-08 * "Coles" "Oat milk"
  Expenses:Shopping  2 AUD
  Assets:Cash  -2 AUD

2026-05-08 * "Spinach and feta danish"
  Expenses:Food  4.20 AUD
  Assets:Cash  -4.20 AUD

2026-05-08 * "Обед с колой"
  Expenses:Food  16.20 AUD
  Assets:Cash  -16.20 AUD

2026-05-09 * "711" "2 шоколадки и энергетик"
  Expenses:Shopping  16.45 AUD
  Assets:Cash  -16.45 AUD

2026-05-10 * "711" "2 энергетика и шоколад"
  Expenses:Shopping  11.70 AUD
  Assets:Cash  -11.70 AUD

2026-05-11 * "Goji Cafe" "Матча"
  Expenses:Food  6.20 AUD
  Assets:Cash  -6.20 AUD

2026-05-11 * "Oat milk"
  Expenses:Shopping  2 AUD
  Assets:Cash  -2 AUD

2026-05-11 * "Spinach and feta danish"
  Expenses:Shopping  4.20 AUD
  Assets:Cash  -4.20 AUD

2026-05-11 * "Coles" "Cola"
  Expenses:Shopping  4.45 AUD
  Assets:Cash  -4.45 AUD

2026-05-11 * "Обед"
  Expenses:Food  20.30 AUD
  Assets:Cash  -20.30 AUD

2026-05-11 * "Coles" "Лимонад, печенье и энергетик"
  Expenses:Shopping  14.70 AUD
  Assets:Cash  -14.70 AUD

2026-05-12 * "ASMY" "Баня"
  Expenses:Shopping  39 AUD
  Assets:Cash  -39 AUD

2026-05-12 * "Coles" "Матча"
  Expenses:Shopping  4.90 AUD
  Assets:Cash  -4.90 AUD

2026-05-12 * "Dan Bilzerian's Optimal Game System"
  Expenses:Education  25 AUD
  Assets:Cash  -25 AUD

2026-05-12 * "IGA" "Шоколад, сок и 2 кокосовая вода"
  Expenses:Shopping  27.20 AUD
  Assets:Cash  -27.20 AUD

2026-05-12 * "GYG" "Обед"
  Expenses:Food  21.50 AUD
  Assets:Cash  -21.50 AUD

2026-05-13 * "Матча"
  Expenses:Food  5.50 AUD
  Assets:Cash  -5.50 AUD

2026-05-13 * "Матча"
  Expenses:Food  6.30 AUD
  Assets:Cash  -6.30 AUD

2026-05-13 * "Вода"
  Expenses:Shopping  4.30 AUD
  Assets:Cash  -4.30 AUD

2026-05-13 * "Конверты"
  Expenses:Shopping  3 AUD
  Assets:Cash  -3 AUD

2026-05-13 * "Bendigo to cash 400 AUD"
  Expenses:Other  0 AUD
  Assets:Cash  0 AUD

2026-05-13 * "Amaysim"
  Expenses:Telecom  30 AUD
  Assets:Cash  -30 AUD

2026-05-13 * "Вода"
  Expenses:Shopping  4.30 AUD
  Assets:Cash  -4.30 AUD

2026-05-13 * "Matcha"
  Expenses:Food  4.90 AUD
  Assets:Cash  -4.90 AUD

2026-05-13 * "Аренда комнаты"
  Expenses:Housing  350 AUD
  Assets:Cash  -350 AUD

2026-05-13 * "Табла уроки"
  Expenses:Education  250 AUD
  Assets:Cash  -250 AUD

2026-05-14 * "Матча и шоколад"
  Expenses:Food  11.90 AUD
  Assets:Cash  -11.90 AUD

2026-05-14 * "Матча и шоколад [[Coles]]"
  Expenses:Shopping  11.90 AUD
  Assets:Cash  -11.90 AUD

2026-05-15 * "Лимонад и шоколад [[Coles]]"
  Expenses:Shopping  7.95 AUD
  Assets:Cash  -7.95 AUD

2026-05-15 * "Шоколад [[Coles]]"
  Expenses:Shopping  6 AUD
  Assets:Cash  -6 AUD

2026-05-16 * "Жвачка"
  Expenses:Shopping  2.50 AUD
  Assets:Cash  -2.50 AUD

2026-05-16 * "Массаж"
  Expenses:Health  80 AUD
  Assets:Cash  -80 AUD

2026-05-16 * "Массаж"
  Expenses:Health  200 AUD
  Assets:Cash  -200 AUD

2026-05-16 * "Чай"
  Expenses:Food  4.50 AUD
  Assets:Cash  -4.50 AUD

2026-05-16 * "Мини пицца"
  Expenses:Food  6 AUD
  Assets:Cash  -6 AUD

2026-05-16 * "Матча"
  Expenses:Food  6.20 AUD
  Assets:Cash  -6.20 AUD

2026-05-16 * "Кола и шоколад"
  Expenses:Shopping  12.20 AUD
  Assets:Cash  -12.20 AUD

2026-05-17 * "Кола и шоколад"
  Expenses:Food  17.50 AUD
  Assets:Cash  -17.50 AUD

2026-05-18 * "Coles" "Матча, наклейки на нос, 2 шоколада"
  Expenses:Shopping  44.50 AUD
  Assets:Cash  -44.50 AUD

2026-05-19 * "ASMY" "Баня"
  Expenses:Shopping  39 AUD
  Assets:Cash  -39 AUD

2026-05-19 * "Agi" "Кокосовая вода, шоколад, кола, вода"
  Expenses:Food  22.45 AUD
  Assets:Cash  -22.45 AUD

2026-05-19 * "Tokyo Cafe" "Обед"
  Expenses:Food  18 AUD
  Assets:Cash  -18 AUD

2026-05-19 * "Tokyo Cafe" "Чай"
  Expenses:Food  4 AUD
  Assets:Cash  -4 AUD

2026-05-19 * "Tokyo Cafe" "Лимонад"
  Expenses:Food  3.50 AUD
  Assets:Cash  -3.50 AUD

2026-05-19 * "Coles" "Кокосовая вода и шоколад"
  Expenses:Shopping  9 AUD
  Assets:Cash  -9 AUD

2026-05-20 * "Обед"
  Expenses:Food  31.25 AUD
  Assets:Cash  -31.25 AUD

2026-05-20 * "Сок"
  Expenses:Food  7 AUD
  Assets:Cash  -7 AUD

2026-05-21 * "БГ с Ушей"
  Expenses:Education  120 AUD
  Assets:Cash  -120 AUD

2026-05-21 * "Лимонад с шоколадом"
  Expenses:Shopping  14.30 AUD
  Assets:Cash  -14.30 AUD

2026-05-21 * "Coles" "Шоколад и матча"
  Expenses:Shopping  13.90 AUD
  Assets:Cash  -13.90 AUD

2026-05-22 * "Матча"
  Expenses:Food  4.90 AUD
  Assets:Cash  -4.90 AUD

2026-05-22 * "Орешки"
  Expenses:Shopping  14 AUD
  Assets:Cash  -14 AUD

2026-05-23 * "Лимонад и шоколад"
  Expenses:Food  7.40 AUD
  Assets:Cash  -7.40 AUD

2026-05-24 * "Лимонад и печенье"
  Expenses:Shopping  10 AUD
  Assets:Cash  -10 AUD

2026-05-24 * "Лимонад"
  Expenses:Shopping  5.70 AUD
  Assets:Cash  -5.70 AUD

2026-05-25 * "711" "Лимонад"
  Expenses:Shopping  4 AUD
  Assets:Cash  -4 AUD

2026-05-25 * "Coles" "Oat milk"
  Expenses:Shopping  2 AUD
  Assets:Cash  -2 AUD

2026-05-25 * "Coles" "Spinach and feta danish"
  Expenses:Shopping  4.40 AUD
  Assets:Cash  -4.40 AUD

2026-05-25 * "Coles" "Лимонад и шоколад"
  Expenses:Shopping  11.50 AUD
  Assets:Cash  -11.50 AUD

2026-05-26 * "Coles" "Сок и шоколад"
  Expenses:Food  8.95 AUD
  Assets:Cash  -8.95 AUD

2026-05-26 * "GYG" "Буррито с фри и колой"
  Expenses:Food  5.80 AUD
  Assets:Cash  -5.80 AUD

2026-05-27 * "Openrouter"
  Expenses:Subscriptions  16 USD
  Assets:Cash  -16 USD

2026-05-27 * "Вода [[Coles]]"
  Expenses:Shopping  0.80 AUD
  Assets:Cash  -0.80 AUD

2026-05-28 * "Coles" "Вода и хлеб"
  Expenses:Shopping  6.60 AUD
  Assets:Cash  -6.60 AUD

2026-05-28 * "Бензин"
  Expenses:Shopping  81.70 AUD
  Assets:Cash  -81.70 AUD

2026-05-28 * "Wing Girl Method"
  Expenses:Education  65 USD
  Assets:Cash  -65 USD

2026-05-29 * "Coles" "Энергетик"
  Expenses:Shopping  2.75 AUD
  Assets:Cash  -2.75 AUD

2026-05-29 * "Coles" "Энергетик"
  Expenses:Shopping  2.75 AUD
  Assets:Cash  -2.75 AUD

2026-05-29 * "Шоколад и энергетик"
  Expenses:Shopping  9.25 AUD
  Assets:Cash  -9.25 AUD

2026-05-30 * "711" "Лимонад и МнМс"
  Expenses:Shopping  14.30 AUD
  Assets:Cash  -14.30 AUD

2026-05-31 * "Уч" "ёба Курс с управлениями для стойки на руках"
  Expenses:Other  24 AUD
  Assets:Cash  -24 AUD

2026-06-01 * "Claude 340"
  Expenses:Subscriptions  340 AUD
  Assets:Cash  -340 AUD

2026-06-01 * "Coles" "Энергетик"
  Expenses:Shopping  2.75 AUD
  Assets:Cash  -2.75 AUD

2026-06-01 * "Coles" "Энергетик"
  Expenses:Shopping  4.45 AUD
  Assets:Cash  -4.45 AUD

2026-06-01 * "Энергетик"
  Expenses:Shopping  3.45 AUD
  Assets:Cash  -3.45 AUD

2026-06-01 * "Cheesymite"
  Expenses:Food  4.10 AUD
  Assets:Cash  -4.10 AUD

2026-06-01 * "Хлеб и шоколад"
  Expenses:Shopping  13.70 AUD
  Assets:Cash  -13.70 AUD

2026-06-01 * "Цветы"
  Expenses:Shopping  35 AUD
  Assets:Cash  -35 AUD

2026-06-01 * "Чай"
  Expenses:Food  25 AUD
  Assets:Cash  -25 AUD

2026-06-01 * "Yobu"
  Expenses:Subscriptions  25 AUD
  Assets:Cash  -25 AUD

2026-06-01 * "Seeking"
  Expenses:Subscriptions  165 AUD
  Assets:Cash  -165 AUD

2025-05-24 * "Tea House" "taxi"
  Expenses:Transport:Taxi  16500 IDR
  Assets:Cash  -16500 IDR

2025-05-24 * "laundry"
  Expenses:Laundry  22500 IDR
  Assets:Cash  -22500 IDR

2025-05-24 * "Adi House Moding" "taxi"
  Expenses:Transport:Taxi  24500 IDR
  Assets:Cash  -24500 IDR

2025-05-24 * "по пути в [[Adi House Moding]]"
  Expenses:Shopping  69000 IDR
  Assets:Cash  -69000 IDR

2025-05-25 * "delivery" "food"
  Expenses:Food  68600 IDR
  Assets:Cash  -68600 IDR

2025-05-25 * "Tuta House" "taxi"
  Expenses:Transport:Taxi  13000 IDR
  Assets:Cash  -13000 IDR

2025-05-25 * "Cocoku / Adi House Moding" "taxi"
  Expenses:Transport:Taxi  16000 IDR
  Assets:Cash  -16000 IDR

2025-05-25 * "Cocoku" "- Печенье, бананы"
  Expenses:Shopping  98150 IDR
  Assets:Cash  -98150 IDR

2025-05-27 * "delivery" "food"
  Expenses:Food  100800 IDR
  Assets:Cash  -100800 IDR

2025-05-27 * "Tuta House" "taxi"
  Expenses:Transport:Taxi  10500 IDR
  Assets:Cash  -10500 IDR

2025-05-27 * "Adi House Moding" "taxi"
  Expenses:Transport:Taxi  0 IDR
  Assets:Cash  -0 IDR

2025-05-27 * "**Доходы**"
  Expenses:Other  0 AUD
  Assets:Cash  0 AUD

2025-05-27 * "Комиссия за перевод на PayPal 20 USDT"
  Expenses:Other  0 AUD
  Assets:Cash  0 AUD

2025-05-28 * "Tuta House" "taxi"
  Expenses:Transport:Taxi  12000 IDR
  Assets:Cash  -12000 IDR

2025-05-28 * "Adi House Moding" "taxi"
  Expenses:Transport:Taxi  13500 IDR
  Assets:Cash  -13500 IDR

2025-05-28 * "Самооценка"
  Expenses:Education:Books  84000 IDR
  Assets:Cash  -84000 IDR

2025-05-28 * "вода" "вода"
  Expenses:Other  26000 IDR
  Assets:Cash  -26000 IDR

2025-05-28 * "Tuta House" "taxi"
  Expenses:Transport:Taxi  13500 IDR
  Assets:Cash  -13500 IDR

2025-05-28 * "Adi House Moding" "taxi"
  Expenses:Transport:Taxi  12000 IDR
  Assets:Cash  -12000 IDR

2025-05-29 * "laundry"
  Expenses:Laundry  20000 IDR
  Assets:Cash  -20000 IDR

2025-05-29 * "banana / jamu" "бананы и джаму"
  Expenses:Shopping  35000 IDR
  Assets:Cash  -35000 IDR

2025-05-29 * "11 хризантем и доставка"
  Expenses:Gifts:Flowers  49500 IDR
  Assets:Cash  -49500 IDR

2025-05-29 * "delivery" "wrap, nutella crepe"
  Expenses:Food  125000 IDR
  Assets:Cash  -125000 IDR

2025-05-29 * "Tuta House" "taxi"
  Expenses:Transport:Taxi  14000 IDR
  Assets:Cash  -14000 IDR

2025-05-29 * "pizza" "пицца"
  Expenses:Food:Delivery  327000 IDR
  Assets:Cash  -327000 IDR

2025-05-29 * "Adi House Moding" "taxi"
  Expenses:Transport:Taxi  10500 IDR
  Assets:Cash  -10500 IDR

2025-05-31 * "english" "AI приложение по английскому 756.000 IDR"
  Expenses:Subscriptions:Apps  756000 IDR
  Assets:Cash  -756000 IDR

2025-05-31 * "house" "rent"
  Expenses:Housing:Rent  5500000 IDR
  Assets:Cash  -5500000 IDR

2025-05-31 * "Adi House Moding" "taxi"
  Expenses:Transport:Taxi  14000 IDR
  Assets:Cash  -14000 IDR

2025-05-31 * "Tuta House" "taxi"
  Expenses:Transport:Taxi  11500 IDR
  Assets:Cash  -11500 IDR

2025-05-31 * "2 молока и печенье"
  Expenses:Shopping  47000 IDR
  Assets:Cash  -47000 IDR

2025-05-31 * "Kirtan House" "taxi"
  Expenses:Transport:Taxi  14000 IDR
  Assets:Cash  -14000 IDR

2025-05-31 * "donation"
  Expenses:Donations  50000 IDR
  Assets:Cash  -50000 IDR

2025-05-31 * "Adi House Moding" "taxi"
  Expenses:Transport:Taxi  13000 IDR
  Assets:Cash  -13000 IDR

2025-05-31 * "Alpha GPC" "Alpha GPC"
  Expenses:Shopping  595400 IDR
  Assets:Cash  -595400 IDR

2025-05-31 * "чехол лабиринт для телефона"
  Expenses:Shopping  205100 IDR
  Assets:Cash  -205100 IDR

2025-06-01 * "вода" "Чай и воду 15 л"
  Expenses:Food:Delivery  133000 IDR
  Assets:Cash  -133000 IDR

2025-06-01 * "Tuta House" "taxi"
  Expenses:Transport:Taxi  11500 IDR
  Assets:Cash  -11500 IDR

2025-06-01 * "Adi House Moding" "taxi"
  Expenses:Transport:Taxi  16500 IDR
  Assets:Cash  -16500 IDR

2025-06-02 * "Справка о проживании"
  Expenses:Other  200000 IDR
  Assets:Cash  -200000 IDR

2025-06-02 * "Фото-студия - печать и сканирование документов"
  Expenses:Other  6000 IDR
  Assets:Cash  -6000 IDR

2025-06-02 * "Магазин - молоко, бананы, сливки"
  Expenses:Shopping  90000 IDR
  Assets:Cash  -90000 IDR

2025-06-02 * "delivery" "паста и оладьи"
  Expenses:Food  106750 IDR
  Assets:Cash  -106750 IDR

2025-06-02 * "Tuta House" "taxi"
  Expenses:Transport:Taxi  11500 IDR
  Assets:Cash  -11500 IDR

2025-06-02 * "Adi House Moding" "taxi"
  Expenses:Transport:Taxi  15500 IDR
  Assets:Cash  -15500 IDR

2025-06-02 * "Cocoku" "печенье"
  Expenses:Shopping  90000 IDR
  Assets:Cash  -90000 IDR

2025-06-02 * "обновление адреса в КИТАС"
  Expenses:Services:Documents  1500000 IDR
  Assets:Cash  -1500000 IDR

2025-06-02 * "Transfers"
  Expenses:Other  0 AUD
  Assets:Cash  0 AUD

2025-06-02 * "Wise to Permata 1.000.000"
  Expenses:Other  0 AUD
  Assets:Cash  0 AUD

2025-06-02 * "Wise to Permata 1.500.000"
  Expenses:Other  0 AUD
  Assets:Cash  0 AUD

2025-06-03 * "Максиму за Ежовик"
  Expenses:Health:Vitamins  600000 IDR
  Assets:Cash  -600000 IDR

2025-06-03 * "delivery" "паста и оладьи"
  Expenses:Food  106750 IDR
  Assets:Cash  -106750 IDR

2025-06-03 * "Transfers"
  Expenses:Other  0 AUD
  Assets:Cash  0 AUD

2025-06-03 * "Wise / Permata" "Wise to Permata 2.000.000 IDR"
  Expenses:Other  0 AUD
  Assets:Cash  0 AUD

2025-06-03 * "ByBit" "Bybit 11.000 rub to 138.45 USDT"
  Expenses:Other  0 AUD
  Assets:Cash  0 AUD

2025-06-04 * "на чаши к [[Артем]]"
  Expenses:Transport:Taxi  23500 IDR
  Assets:Cash  -23500 IDR

2025-06-04 * "Club Sehat" "shopping"
  Expenses:Shopping  485000 IDR
  Assets:Cash  -485000 IDR

2025-06-04 * "Adi House Moding" "taxi"
  Expenses:Transport:Taxi  11500 IDR
  Assets:Cash  -11500 IDR

2025-06-05 * "вода" "вода"
  Expenses:Other  26000 IDR
  Assets:Cash  -26000 IDR

2025-06-05 * "delivery" "flowers"
  Expenses:Gifts:Flowers  43500 IDR
  Assets:Cash  -43500 IDR

2025-06-05 * "Tuta House" "taxi"
  Expenses:Transport:Taxi  14000 IDR
  Assets:Cash  -14000 IDR

2025-06-05 * "Cocoku / Adi House Moding" "такси в [[Adi House Moding]] через [[Cocoku]]"
  Expenses:Transport:Taxi  17000 IDR
  Assets:Cash  -17000 IDR

2025-06-05 * "Cocoku" "печенье и бананы"
  Expenses:Shopping  0 AUD
  Assets:Cash  0 AUD

2025-06-05 * "godaddy" "makeb.net"
  Expenses:Other  329224 IDR
  Assets:Cash  -329224 IDR

2025-06-05 * "claude" "1 month"
  Expenses:Other  336112 IDR
  Assets:Cash  -336112 IDR

2025-06-06 * "milk" "shopping"
  Expenses:Shopping  60000 IDR
  Assets:Cash  -60000 IDR

2025-06-06 * "Tuta House" "taxi"
  Expenses:Transport:Taxi  13000 IDR
  Assets:Cash  -13000 IDR

2025-06-06 * "Adi House Moding" "taxi"
  Expenses:Transport:Taxi  15000 IDR
  Assets:Cash  -15000 IDR

2025-06-06 * "grab" "grab"
  Expenses:Subscriptions  24000 IDR
  Assets:Cash  -24000 IDR

2025-06-07 * "Tuta House" "taxi"
  Expenses:Transport:Taxi  14000 IDR
  Assets:Cash  -14000 IDR

2025-06-07 * "Kirtan House" "taxi"
  Expenses:Transport:Taxi  16000 IDR
  Assets:Cash  -16000 IDR

2025-06-07 * "Cocoku / Adi House Moding" "taxi"
  Expenses:Transport:Taxi  16000 IDR
  Assets:Cash  -16000 IDR

2025-06-07 * "Cocoku" "Cocoku"
  Expenses:Shopping  84000 IDR
  Assets:Cash  -84000 IDR

2025-06-08 * "shopping" "в СПА Four Seasons"
  Expenses:Transport:Taxi  23500 IDR
  Assets:Cash  -23500 IDR

2025-06-08 * "Adi House Moding" "taxi"
  Expenses:Transport:Taxi  46500 IDR
  Assets:Cash  -46500 IDR

2025-06-08 * "Bintang" "shopping"
  Expenses:Shopping  275500 IDR
  Assets:Cash  -275500 IDR

2025-06-08 * "Tuta House" "taxi"
  Expenses:Transport:Taxi  13000 IDR
  Assets:Cash  -13000 IDR

2025-06-08 * "Adi House Moding" "taxi"
  Expenses:Transport:Taxi  13000 IDR
  Assets:Cash  -13000 IDR

2025-06-09 * "milk" "3"
  Expenses:Shopping  60000 IDR
  Assets:Cash  -60000 IDR

2025-06-09 * "Tea House" "taxi"
  Expenses:Transport:Taxi  13000 IDR
  Assets:Cash  -13000 IDR

2025-06-09 * "Cocoku / Adi House Moding" "taxi"
  Expenses:Transport:Taxi  16000 IDR
  Assets:Cash  -16000 IDR

2025-06-09 * "Cocoku" "shopping"
  Expenses:Shopping  63000 IDR
  Assets:Cash  -63000 IDR

2025-06-10 * "delivery" "Пицца с грибами"
  Expenses:Food  94750 IDR
  Assets:Cash  -94750 IDR

2025-06-10 * "Tea House" "taxi"
  Expenses:Transport:Taxi  13000 IDR
  Assets:Cash  -13000 IDR

2025-06-10 * "Adi House Moding" "taxi"
  Expenses:Transport:Taxi  16000 IDR
  Assets:Cash  -16000 IDR

2025-06-12 * "вода" "delivery"
  Expenses:Food:Delivery  30000 IDR
  Assets:Cash  -30000 IDR

2025-06-12 * "barbershop" "taxi"
  Expenses:Transport:Taxi  14000 IDR
  Assets:Cash  -14000 IDR

2025-06-12 * "barbershop"
  Expenses:Grooming  230000 IDR
  Assets:Cash  -230000 IDR

2025-06-12 * "flowers"
  Expenses:Gifts:Flowers  28000 IDR
  Assets:Cash  -28000 IDR

2025-06-12 * "Tea House / Cocoku / Adi House Moding" "taxi"
  Expenses:Transport:Taxi  17000 IDR
  Assets:Cash  -17000 IDR

2025-06-12 * "Махешик за июнь 5500 RUB"
  Expenses:Other  0 AUD
  Assets:Cash  0 AUD

2025-06-12 * "pizza" "Белла Пицца - маленькая 4 сыра"
  Expenses:Food:Delivery  88700 IDR
  Assets:Cash  -88700 IDR

2025-06-12 * "Adi House Moding" "taxi"
  Expenses:Transport:Taxi  13000 IDR
  Assets:Cash  -13000 IDR

2025-06-13 * "food" "Кукурузный суп и Чизкейк"
  Expenses:Food:Delivery  183350 IDR
  Assets:Cash  -183350 IDR

2025-06-13 * "milk" "shopping"
  Expenses:Shopping  60000 IDR
  Assets:Cash  -60000 IDR

2025-06-13 * "Tuta House" "taxi"
  Expenses:Transport:Taxi  14000 IDR
  Assets:Cash  -14000 IDR

2025-06-13 * "shopee" "Заказал носки с доставкой"
  Expenses:Other  29648 IDR
  Assets:Cash  -29648 IDR

2025-06-13 * "mobile"
  Expenses:Telecom:Mobile  53000 IDR
  Assets:Cash  -53000 IDR

2025-06-13 * "food / Tuta House" "delivery"
  Expenses:Food:Delivery  60000 IDR
  Assets:Cash  -60000 IDR

2025-06-13 * "Adi House Moding" "taxi"
  Expenses:Transport:Taxi  13000 IDR
  Assets:Cash  -13000 IDR

2025-06-14 * "Tea House" "with tips"
  Expenses:Transport:Taxi  19000 IDR
  Assets:Cash  -19000 IDR

2025-06-14 * "Kirtan House" "taxi"
  Expenses:Transport:Taxi  13000 IDR
  Assets:Cash  -13000 IDR

2025-06-14 * "donation"
  Expenses:Donations  100000 IDR
  Assets:Cash  -100000 IDR

2025-06-14 * "Cocoku / Adi House Moding" "taxi"
  Expenses:Transport:Taxi  17000 IDR
  Assets:Cash  -17000 IDR

2025-06-14 * "Cocoku" "4 печенье"
  Expenses:Shopping  102000 IDR
  Assets:Cash  -102000 IDR

2025-06-15 * "Tea House" "taxi"
  Expenses:Transport:Taxi  14000 IDR
  Assets:Cash  -14000 IDR

2025-06-15 * "Club Sehat" "taxi"
  Expenses:Transport:Taxi  20500 IDR
  Assets:Cash  -20500 IDR

2025-06-15 * "Club Sehat" "гречка, сливки, кешью, печенье"
  Expenses:Shopping  743500 IDR
  Assets:Cash  -743500 IDR

2025-06-15 * "coconut spa" "Балийский массаж 90 минут"
  Expenses:Health:Wellness  200000 IDR
  Assets:Cash  -200000 IDR

2025-06-15 * "Giordano / Adi House Moding" "taxi"
  Expenses:Transport:Taxi  20500 IDR
  Assets:Cash  -20500 IDR

2025-06-15 * "Giordano" "носки, брюки, рубашка"
  Expenses:Shopping  1491000 IDR
  Assets:Cash  -1491000 IDR

2025-06-16 * "flower shop / Cocoku / Tuta House" "taxi"
  Expenses:Transport:Taxi  18000 IDR
  Assets:Cash  -18000 IDR

2025-06-16 * "9 белых роз по 3000 и оформление букета"
  Expenses:Gifts:Flowers  44000 IDR
  Assets:Cash  -44000 IDR

2025-06-16 * "Cocoku" "фрукты"
  Expenses:Shopping  85290 IDR
  Assets:Cash  -85290 IDR

2025-06-16 * "food" "пицца из Белла"
  Expenses:Food:Delivery  118950 IDR
  Assets:Cash  -118950 IDR

2025-06-16 * "Adi House Moding" "taxi"
  Expenses:Transport:Taxi  12000 IDR
  Assets:Cash  -12000 IDR

2025-06-17 * "Бананы, печенье, соль"
  Expenses:Shopping  28000 IDR
  Assets:Cash  -28000 IDR

2025-06-17 * "laundry"
  Expenses:Laundry  40000 IDR
  Assets:Cash  -40000 IDR

2025-06-17 * "shopee" "2 рубашки"
  Expenses:Clothing  240000 IDR
  Assets:Cash  -240000 IDR

2025-06-17 * "shopee" "кремовые шраны"
  Expenses:Clothing  111875 IDR
  Assets:Cash  -111875 IDR

2025-06-17 * "Tokopedia" "10 деревянных фитилей"
  Expenses:Shopping  38300 IDR
  Assets:Cash  -38300 IDR

2025-06-18 * "milk" "shopping"
  Expenses:Shopping  60000 IDR
  Assets:Cash  -60000 IDR

2025-06-18 * "Tea House" "taxi"
  Expenses:Transport:Taxi  14000 IDR
  Assets:Cash  -14000 IDR

2025-06-18 * "Adi House Moding" "taxi"
  Expenses:Transport:Taxi  13000 IDR
  Assets:Cash  -13000 IDR

2025-06-18 * "Pyramids of Chi" "taxi"
  Expenses:Transport:Taxi  14000 IDR
  Assets:Cash  -14000 IDR

2025-06-18 * "Pyramids of Chi" "food"
  Expenses:Food  225000 IDR
  Assets:Cash  -225000 IDR

2025-06-18 * "Tuta House" "taxi"
  Expenses:Transport:Taxi  13000 IDR
  Assets:Cash  -13000 IDR

2025-06-18 * "Adi House Moding" "taxi"
  Expenses:Transport:Taxi  14000 IDR
  Assets:Cash  -14000 IDR

2025-06-18 * "Tailor App"
  Expenses:Donations  50000 IDR
  Assets:Cash  -50000 IDR

2025-06-19 * "Tea House" "taxi"
  Expenses:Transport:Taxi  13000 IDR
  Assets:Cash  -13000 IDR

2025-06-19 * "Adi House Moding" "taxi"
  Expenses:Transport:Taxi  16000 IDR
  Assets:Cash  -16000 IDR

2025-06-20 * "Tea House" "taxi"
  Expenses:Transport:Taxi  13000 IDR
  Assets:Cash  -13000 IDR

2025-06-20 * "Bintang" "taxi"
  Expenses:Transport:Taxi  16000 IDR
  Assets:Cash  -16000 IDR

2025-06-20 * "Bintang" "удлинитель, бананы, масло, печенье"
  Expenses:Other  283664 IDR
  Assets:Cash  -283664 IDR

2025-06-20 * "coconut spa" "Балийский Массаж 90м"
  Expenses:Health:Wellness  200000 IDR
  Assets:Cash  -200000 IDR

2025-06-20 * "Распечатка и ламинирование Китаса"
  Expenses:Services:Print  7000 IDR
  Assets:Cash  -7000 IDR

2025-06-20 * "cafe" "Raw Cocao"
  Expenses:Transport:Taxi  16000 IDR
  Assets:Cash  -16000 IDR

2025-06-20 * "waffles and cocao"
  Expenses:Food:Cafe  126500 IDR
  Assets:Cash  -126500 IDR

2025-06-20 * "chocolate"
  Expenses:Food:Cafe  82250 IDR
  Assets:Cash  -82250 IDR

2025-06-20 * "Adi House Moding / Tuta House" "taxi"
  Expenses:Transport:Taxi  19000 IDR
  Assets:Cash  -19000 IDR

2025-06-20 * "Adi House Moding" "taxi"
  Expenses:Transport:Taxi  14000 IDR
  Assets:Cash  -14000 IDR

2025-06-20 * "shopee" "Белые штаны"
  Expenses:Other  112880 IDR
  Assets:Cash  -112880 IDR

2025-06-21 * "Tea House" "taxi"
  Expenses:Transport:Taxi  14000 IDR
  Assets:Cash  -14000 IDR

2025-06-21 * "Adi House Moding / shop" "taxi"
  Expenses:Transport:Taxi  23000 IDR
  Assets:Cash  -23000 IDR

2025-06-21 * "Молоко и шоколадка"
  Expenses:Shopping  34000 IDR
  Assets:Cash  -34000 IDR

2025-06-21 * "Tuta House" "taxi"
  Expenses:Transport:Taxi  13000 IDR
  Assets:Cash  -13000 IDR

2025-06-21 * "Kirtan House" "taxi"
  Expenses:Transport:Taxi  14000 IDR
  Assets:Cash  -14000 IDR

2025-06-21 * "за Киртан"
  Expenses:Donations  100000 IDR
  Assets:Cash  -100000 IDR

2025-06-21 * "Adi House Moding" "taxi"
  Expenses:Transport:Taxi  17000 IDR
  Assets:Cash  -17000 IDR

2025-06-21 * "shopee" "shopee"
  Expenses:Other  90000 IDR
  Assets:Cash  -90000 IDR

2025-06-22 * "вода" "вода"
  Expenses:Other  26000 IDR
  Assets:Cash  -26000 IDR

2025-06-22 * "Tea House" "taxi"
  Expenses:Transport:Taxi  13000 IDR
  Assets:Cash  -13000 IDR

2025-06-22 * "Adi House Moding" "taxi"
  Expenses:Transport:Taxi  14000 IDR
  Assets:Cash  -14000 IDR

2025-06-22 * "shopee" "3 накидки"
  Expenses:Shopping  361663 IDR
  Assets:Cash  -361663 IDR

2025-06-23 * "Ginger Shot"
  Expenses:Food:Delivery  27000 IDR
  Assets:Cash  -27000 IDR

2025-06-23 * "Papaya leaf"
  Expenses:Food:Delivery  32000 IDR
  Assets:Cash  -32000 IDR

2025-06-23 * "laundry"
  Expenses:Laundry  24000 IDR
  Assets:Cash  -24000 IDR

2025-06-23 * "Tea House" "taxi"
  Expenses:Transport:Taxi  13000 IDR
  Assets:Cash  -13000 IDR

2025-06-23 * "Healing Center" "food"
  Expenses:Food  161000 IDR
  Assets:Cash  -161000 IDR

2025-06-23 * "shopee" "Пакеты для чая"
  Expenses:Other  71234 IDR
  Assets:Cash  -71234 IDR

2025-06-23 * "Шоколадка"
  Expenses:Food  46000 IDR
  Assets:Cash  -46000 IDR

2025-06-23 * "Adi House Moding" "taxi"
  Expenses:Transport:Taxi  14000 IDR
  Assets:Cash  -14000 IDR

2025-06-23 * "shopee" "Белые штаны"
  Expenses:Other  92000 IDR
  Assets:Cash  -92000 IDR

2025-06-24 * "VeraHouse" "taxi"
  Expenses:Transport:Taxi  29000 IDR
  Assets:Cash  -29000 IDR

2025-06-24 * "Tea House" "taxi"
  Expenses:Transport:Taxi  29000 IDR
  Assets:Cash  -29000 IDR

2025-06-24 * "food" "Пица Белла и фри"
  Expenses:Food:Delivery  100823 IDR
  Assets:Cash  -100823 IDR

2025-06-24 * "2 кокоса"
  Expenses:Food:Delivery  40000 IDR
  Assets:Cash  -40000 IDR

2025-06-24 * "Cocoku / Adi House Moding" "taxi"
  Expenses:Transport:Taxi  16000 IDR
  Assets:Cash  -16000 IDR

2025-06-24 * "Cocoku" "6г ромашка, 3 пачки печенья"
  Expenses:Shopping  87000 IDR
  Assets:Cash  -87000 IDR

2025-06-24 * "delivery" "Вафли"
  Expenses:Food  83485 IDR
  Assets:Cash  -83485 IDR

2025-06-24 * "delivery" "3 молока"
  Expenses:Shopping  66900 IDR
  Assets:Cash  -66900 IDR

2025-06-25 * "Ginger Guice"
  Expenses:Food:Delivery  84000 IDR
  Assets:Cash  -84000 IDR

2025-06-25 * "Tea House" "taxi"
  Expenses:Transport:Taxi  20000 IDR
  Assets:Cash  -20000 IDR

2025-06-25 * "Adi House Moding / Cocoku" "taxi"
  Expenses:Transport:Taxi  0 AUD
  Assets:Cash  0 AUD

2025-06-25 * "idr: 15000"
  Expenses:Other  0 AUD
  Assets:Cash  0 AUD

2025-06-25 * "Cocoku" "shopping"
  Expenses:Shopping  143675 IDR
  Assets:Cash  -143675 IDR

2025-06-26 * "telkomsel" "telkomsel"
  Expenses:Other  5600 IDR
  Assets:Cash  -5600 IDR

2025-06-26 * "delivery" "Вафли"
  Expenses:Food  78865 IDR
  Assets:Cash  -78865 IDR

2025-06-26 * "delivery" "картошка фри"
  Expenses:Food  42375 IDR
  Assets:Cash  -42375 IDR

2025-06-26 * "shopee" "Ремень"
  Expenses:Clothing  83700 IDR
  Assets:Cash  -83700 IDR

2025-06-26 * "Tuta House" "taxi"
  Expenses:Transport:Taxi  13000 IDR
  Assets:Cash  -13000 IDR

2025-06-26 * "Adi House Moding" "taxi"
  Expenses:Transport:Taxi  13000 IDR
  Assets:Cash  -13000 IDR

2025-06-27 * "Tea House" "taxi"
  Expenses:Transport:Taxi  13000 IDR
  Assets:Cash  -13000 IDR

2025-06-27 * "coconut spa" "taxi"
  Expenses:Transport:Taxi  13000 IDR
  Assets:Cash  -13000 IDR

2025-06-27 * "Массаж со скрабом из соли"
  Expenses:Health:Wellness  250000 IDR
  Assets:Cash  -250000 IDR

2025-06-27 * "Adi House Moding" "taxi"
  Expenses:Transport:Taxi  24500 IDR
  Assets:Cash  -24500 IDR

2025-06-27 * "Satvika Bhoga" "shopping"
  Expenses:Shopping  745000 IDR
  Assets:Cash  -745000 IDR

2025-06-27 * "9 цветов по 3"
  Expenses:Gifts:Flowers  27000 IDR
  Assets:Cash  -27000 IDR

2025-06-27 * "Tuta House" "taxi"
  Expenses:Transport:Taxi  13000 IDR
  Assets:Cash  -13000 IDR

2025-06-27 * "Wayan House" "taxi"
  Expenses:Transport:Taxi  14000 IDR
  Assets:Cash  -14000 IDR

2025-06-27 * "Adi House Moding" "taxi"
  Expenses:Transport:Taxi  13000 IDR
  Assets:Cash  -13000 IDR

2025-06-27 * "Scispace"
  Expenses:Subscriptions  84 USD
  Assets:Cash  -84 USD

2025-06-28 * "atm" "taxi"
  Expenses:Transport:Taxi  15000 IDR
  Assets:Cash  -15000 IDR

2025-06-28 * "Tea House" "taxi"
  Expenses:Transport:Taxi  20000 IDR
  Assets:Cash  -20000 IDR

2025-06-28 * "Apple Drive" "subscription"
  Expenses:Subscriptions  15000 IDR
  Assets:Cash  -15000 IDR

2025-06-28 * "Planets" "Граха Шанти"
  Expenses:Health:Pharmacy  8000000 IDR
  Assets:Cash  -8000000 IDR

2025-06-28 * "Planets" "Граха Шанти"
  Expenses:Health:Pharmacy  3040000 IDR
  Assets:Cash  -3040000 IDR

2025-06-28 * "Налог на имущество"
  Expenses:Fees:Tax  871 KZT
  Assets:Cash  -871 KZT

2025-06-28 * "food" "шоколадный торт и белые суши"
  Expenses:Food:Delivery  182250 IDR
  Assets:Cash  -182250 IDR

2025-06-28 * "Органик сахар"
  Expenses:Food:Delivery  37000 IDR
  Assets:Cash  -37000 IDR

2025-06-28 * "Tokopedia" "Now Alpha GPC"
  Expenses:Other  0 AUD
  Assets:Cash  0 AUD

2025-06-29 * "Tuta House" "taxi"
  Expenses:Transport:Taxi  13000 IDR
  Assets:Cash  -13000 IDR

2025-06-29 * "Adi House Moding" "taxi"
  Expenses:Transport:Taxi  13000 IDR
  Assets:Cash  -13000 IDR

2025-06-30 * "Бананы"
  Expenses:Shopping  10000 IDR
  Assets:Cash  -10000 IDR

2025-06-30 * "Tuta House" "taxi"
  Expenses:Transport:Taxi  13000 IDR
  Assets:Cash  -13000 IDR

2025-06-30 * "Adi House Moding" "taxi"
  Expenses:Transport:Taxi  13000 IDR
  Assets:Cash  -13000 IDR

2025-06-30 * "delivery"
  Expenses:Food:Delivery  94900 IDR
  Assets:Cash  -94900 IDR

2025-06-30 * "Tuta House" "taxi"
  Expenses:Transport:Taxi  13000 IDR
  Assets:Cash  -13000 IDR

2025-06-30 * "Adi House Moding" "taxi"
  Expenses:Transport:Taxi  15000 IDR
  Assets:Cash  -15000 IDR

2025-07-01 * "к Роме"
  Expenses:Transport:Taxi  29000 IDR
  Assets:Cash  -29000 IDR

2025-07-02 * "вода" "вода"
  Expenses:Other  26000 IDR
  Assets:Cash  -26000 IDR

2025-07-02 * "3 банана и зубная паста"
  Expenses:Shopping  16000 IDR
  Assets:Cash  -16000 IDR

2025-07-02 * "3 молока, 4 батарейки и 1 кола"
  Expenses:Shopping  99000 IDR
  Assets:Cash  -99000 IDR

2025-07-02 * "Cocoku / Tuta House" "taxi"
  Expenses:Transport:Taxi  16000 IDR
  Assets:Cash  -16000 IDR

2025-07-02 * "Cocoku" "6 Печенье"
  Expenses:Shopping  126000 IDR
  Assets:Cash  -126000 IDR

2025-07-02 * "shopping / Adi House Moding" "taxi"
  Expenses:Transport:Taxi  16000 IDR
  Assets:Cash  -16000 IDR

2025-07-02 * "сникерс и 6 сливок"
  Expenses:Shopping  49000 IDR
  Assets:Cash  -49000 IDR

2025-07-02 * "delivery" "Пицца"
  Expenses:Food  46350 IDR
  Assets:Cash  -46350 IDR

2025-07-02 * "Ginger juice"
  Expenses:Food:Delivery  92000 IDR
  Assets:Cash  -92000 IDR

2025-07-02 * "Tuta House" "taxi"
  Expenses:Transport:Taxi  21000 IDR
  Assets:Cash  -21000 IDR

2025-07-02 * "Adi House Moding" "taxi"
  Expenses:Transport:Taxi  13000 IDR
  Assets:Cash  -13000 IDR

2025-07-03 * "Оплата за дом"
  Expenses:Housing  5500000 IDR
  Assets:Cash  -5500000 IDR

2025-07-03 * "shopee" "Фетили"
  Expenses:Other  9600 IDR
  Assets:Cash  -9600 IDR

2025-07-03 * "United Healing Center" "taxi"
  Expenses:Transport:Taxi  19000 IDR
  Assets:Cash  -19000 IDR

2025-07-03 * "print shop" "taxi"
  Expenses:Transport:Taxi  18500 IDR
  Assets:Cash  -18500 IDR

2025-07-03 * "print shop" "Печать и скан"
  Expenses:Other  8000 IDR
  Assets:Cash  -8000 IDR

2025-07-03 * "food" "Маргарита"
  Expenses:Food:Delivery  51350 IDR
  Assets:Cash  -51350 IDR

2025-07-03 * "Adi House Moding" "taxi"
  Expenses:Transport:Taxi  20000 IDR
  Assets:Cash  -20000 IDR

2025-07-04 * "Cocoku / Tuta House" "taxi"
  Expenses:Transport:Taxi  16000 IDR
  Assets:Cash  -16000 IDR

2025-07-04 * "Cocoku" "Печенья"
  Expenses:Shopping  105000 IDR
  Assets:Cash  -105000 IDR

2025-07-04 * "laundry"
  Expenses:Laundry  15000 IDR
  Assets:Cash  -15000 IDR

2025-07-04 * "Дождевик"
  Expenses:Shopping  20000 IDR
  Assets:Cash  -20000 IDR

2025-07-04 * "Adi House Moding" "taxi"
  Expenses:Transport:Taxi  24000 IDR
  Assets:Cash  -24000 IDR

2025-07-04 * "Амелия и Тамара"
  Expenses:Other  4800 RUB
  Assets:Cash  -4800 RUB

2025-07-04 * "cow" "Махешику"
  Expenses:Donations  5500 RUB
  Assets:Cash  -5500 RUB

2025-07-05 * "Cocoku / Tuta House" "taxi"
  Expenses:Transport:Taxi  16000 IDR
  Assets:Cash  -16000 IDR

2025-07-05 * "Ginger Juice"
  Expenses:Food:Delivery  86000 IDR
  Assets:Cash  -86000 IDR

2025-07-05 * "Adi House Moding" "taxi"
  Expenses:Transport:Taxi  16000 IDR
  Assets:Cash  -16000 IDR

2025-07-05 * "4 банана"
  Expenses:Shopping  10000 IDR
  Assets:Cash  -10000 IDR

2025-07-05 * "Sayuri" "на Киртан и Сатсанг"
  Expenses:Transport:Taxi  15000 IDR
  Assets:Cash  -15000 IDR

2025-07-05 * "Sayuri" "Тортики"
  Expenses:Food  116500 IDR
  Assets:Cash  -116500 IDR

2025-07-05 * "Tuta House" "на Арати"
  Expenses:Transport:Taxi  24000 IDR
  Assets:Cash  -24000 IDR

2025-07-05 * "Adi House Moding" "taxi"
  Expenses:Transport:Taxi  13000 IDR
  Assets:Cash  -13000 IDR

2025-07-06 * "ChatGPT" "subscription"
  Expenses:Subscriptions  334423 IDR
  Assets:Cash  -334423 IDR

2025-07-06 * "Tuta House / Cocoku" "taxi"
  Expenses:Transport:Taxi  16000 IDR
  Assets:Cash  -16000 IDR

2025-07-06 * "Штаны, Полотенце"
  Expenses:Laundry  15000 IDR
  Assets:Cash  -15000 IDR

2025-07-06 * "Adi House Moding" "на машине (в дождь)"
  Expenses:Transport:Taxi  46000 IDR
  Assets:Cash  -46000 IDR

2025-07-06 * "jamu / Pengkolan" "shopping"
  Expenses:Shopping  27000 IDR
  Assets:Cash  -27000 IDR

2025-07-06 * "перевод менеджеру"
  Expenses:Other  10000 RUB
  Assets:Cash  -10000 RUB

2025-07-07 * "delivery" "Raw Ginger Juice"
  Expenses:Food  92000 IDR
  Assets:Cash  -92000 IDR

2025-07-07 * "delivery" "Блины с эклером"
  Expenses:Food  174000 IDR
  Assets:Cash  -174000 IDR

2025-07-07 * "Tea House" "taxi"
  Expenses:Transport:Taxi  10000 IDR
  Assets:Cash  -10000 IDR

2025-07-07 * "Adi House Moding / shop" "с чаевыми"
  Expenses:Transport:Taxi  19000 IDR
  Assets:Cash  -19000 IDR

2025-07-07 * "3 молока, 2 кокосовые сливки, 1 сникерс"
  Expenses:Shopping  86000 IDR
  Assets:Cash  -86000 IDR

2025-07-07 * "вода" "вода"
  Expenses:Other  26000 IDR
  Assets:Cash  -26000 IDR

2025-07-07 * "food" "Вафли и конфеты"
  Expenses:Food:Delivery  184600 IDR
  Assets:Cash  -184600 IDR

2025-07-08 * "Tea House" "taxi"
  Expenses:Transport:Taxi  10000 IDR
  Assets:Cash  -10000 IDR

2025-07-08 * "Adi House Moding / Cocoku" "taxi"
  Expenses:Transport:Taxi  16000 IDR
  Assets:Cash  -16000 IDR

2025-07-08 * "Cocoku" "4 Печенья, Чипсы и Джаму"
  Expenses:Shopping  158000 IDR
  Assets:Cash  -158000 IDR

2025-07-08 * "food" "Медовик"
  Expenses:Food:Delivery  89000 IDR
  Assets:Cash  -89000 IDR

2025-07-09 * "Оле ЗП"
  Expenses:Other  19880 RUB
  Assets:Cash  -19880 RUB

2025-07-09 * "Tea House" "taxi"
  Expenses:Transport:Taxi  10000 IDR
  Assets:Cash  -10000 IDR

2025-07-09 * "Svarga Loka" "taxi"
  Expenses:Transport:Taxi  14000 IDR
  Assets:Cash  -14000 IDR

2025-07-09 * "Танцевальная Терапия"
  Expenses:Health:Therapy  350000 IDR
  Assets:Cash  -350000 IDR

2025-07-09 * "Bintang" "taxi"
  Expenses:Transport:Taxi  13000 IDR
  Assets:Cash  -13000 IDR

2025-07-09 * "Bintang" "Масло, Бананы, Кешью, Чай, Печенье"
  Expenses:Shopping  364499 IDR
  Assets:Cash  -364499 IDR

2025-07-09 * "coconut spa" "spa"
  Expenses:Health:Wellness  250000 IDR
  Assets:Cash  -250000 IDR

2025-07-09 * "Adi House Moding / flower shop" "taxi"
  Expenses:Transport:Taxi  18500 IDR
  Assets:Cash  -18500 IDR

2025-07-09 * "9 цветов по 3"
  Expenses:Gifts:Flowers  27000 IDR
  Assets:Cash  -27000 IDR

2025-07-10 * "Менеджер"
  Income:CRM  10720 RUB
  Assets:Cash  -10720 RUB

2025-07-10 * "Cocoku / Sasuka Villa Ubud" "taxi"
  Expenses:Transport:Taxi  16000 IDR
  Assets:Cash  -16000 IDR

2025-07-10 * "Благодарность за организацию"
  Expenses:Donations  100000 IDR
  Assets:Cash  -100000 IDR

2025-07-10 * "Adi House Moding / Tea House" "taxi"
  Expenses:Transport:Taxi  16000 IDR
  Assets:Cash  -16000 IDR

2025-07-10 * "Mobile-Internet"
  Expenses:Telecom:Internet  29000 IDR
  Assets:Cash  -29000 IDR

2025-07-10 * "Adi House Moding" "taxi"
  Expenses:Transport:Taxi  13000 IDR
  Assets:Cash  -13000 IDR

2025-07-10 * "delivery" "Жареная кукуруза, суши и торт"
  Expenses:Food  145525 IDR
  Assets:Cash  -145525 IDR

2025-07-10 * "Tuta House" "taxi"
  Expenses:Transport:Taxi  19000 IDR
  Assets:Cash  -19000 IDR

2025-07-10 * "Adi House Moding" "taxi"
  Expenses:Transport:Taxi  14000 IDR
  Assets:Cash  -14000 IDR

2025-07-11 * "Нотариус"
  Expenses:Transport:Taxi  25000 IDR
  Assets:Cash  -25000 IDR

2025-07-11 * "Tea House" "taxi"
  Expenses:Transport:Taxi  28000 IDR
  Assets:Cash  -28000 IDR

2025-07-11 * "Adi House Moding" "taxi"
  Expenses:Transport:Taxi  14000 IDR
  Assets:Cash  -14000 IDR

2025-07-12 * "Tea House" "taxi"
  Expenses:Transport:Taxi  15000 IDR
  Assets:Cash  -15000 IDR

2025-07-12 * "Adi House Moding / Cococu Laundry / shop" "taxi"
  Expenses:Transport:Taxi  17000 IDR
  Assets:Cash  -17000 IDR

2025-07-12 * "laundry"
  Expenses:Laundry  21000 IDR
  Assets:Cash  -21000 IDR

2025-07-12 * "5 Кокосовые сливки, 3 Молоко, 1 мороженое"
  Expenses:Shopping  107000 IDR
  Assets:Cash  -107000 IDR

2025-07-12 * "delivery" "Бургер и тортик из Plant Bistro"
  Expenses:Food  161410 IDR
  Assets:Cash  -161410 IDR

2025-07-12 * "Kirtan House" "taxi"
  Expenses:Transport:Taxi  13000 IDR
  Assets:Cash  -13000 IDR

2025-07-12 * "за Киртан и просад"
  Expenses:Donations  100000 IDR
  Assets:Cash  -100000 IDR

2025-07-12 * "Adi House Moding" "taxi"
  Expenses:Transport:Taxi  12000 IDR
  Assets:Cash  -12000 IDR

2025-07-12 * "2020 07 08 DeployHQ Subscription" "subscription"
  Expenses:Subscriptions  181969 IDR
  Assets:Cash  -181969 IDR

2025-07-13 * "Tuta House" "taxi"
  Expenses:Transport:Taxi  13000 IDR
  Assets:Cash  -13000 IDR

2025-07-13 * "Adi House Moding / Cocoku" "taxi"
  Expenses:Transport:Taxi  21000 IDR
  Assets:Cash  -21000 IDR

2025-07-13 * "6 печенье"
  Expenses:Shopping  126000 IDR
  Assets:Cash  -126000 IDR

2025-07-13 * "4 банана"
  Expenses:Shopping  8000 IDR
  Assets:Cash  -8000 IDR

2025-07-14 * "Jami"
  Expenses:Shopping  10000 IDR
  Assets:Cash  -10000 IDR

2025-07-14 * "Cococu Laundry / Tea House" "taxi"
  Expenses:Transport:Taxi  16000 IDR
  Assets:Cash  -16000 IDR

2025-07-14 * "United Healing Center" "shopping"
  Expenses:Shopping  46000 IDR
  Assets:Cash  -46000 IDR

2025-07-14 * "Pengkolan" "Кари, Оладьи, Ананасовый сок"
  Expenses:Food  117652 IDR
  Assets:Cash  -117652 IDR

2025-07-14 * "Adi House Moding" "taxi"
  Expenses:Transport:Taxi  17000 IDR
  Assets:Cash  -17000 IDR

2025-07-15 * "Tea House" "taxi"
  Expenses:Transport:Taxi  13000 IDR
  Assets:Cash  -13000 IDR

2025-07-15 * "Bintang" "taxi"
  Expenses:Transport:Taxi  13000 IDR
  Assets:Cash  -13000 IDR

2025-07-15 * "Bintang" "Печенье, Хлеб, Овсянка, Майка"
  Expenses:Shopping  0 AUD
  Assets:Cash  0 AUD

2025-07-15 * "buffet" "food"
  Expenses:Food  61800 IDR
  Assets:Cash  -61800 IDR

2025-07-15 * "Club Sehat" "Сыр, Греча, Кешью"
  Expenses:Shopping  221000 IDR
  Assets:Cash  -221000 IDR

2025-07-15 * "Hot stone massage"
  Expenses:Health:Wellness  300000 IDR
  Assets:Cash  -300000 IDR

2025-07-15 * "Satvika Bhoga / Manis Flower / Adi House Moding" "taxi"
  Expenses:Transport:Taxi  26000 IDR
  Assets:Cash  -26000 IDR

2025-07-15 * "Satvika Bhoga" "Кокао, Шоколадка"
  Expenses:Shopping  195000 IDR
  Assets:Cash  -195000 IDR

2025-07-15 * "5"
  Expenses:Gifts:Flowers  16000 IDR
  Assets:Cash  -16000 IDR

2025-07-15 * "в [[Cocoku]]"
  Expenses:Laundry  22500 IDR
  Assets:Cash  -22500 IDR

2025-07-15 * "Tuta House" "taxi"
  Expenses:Transport:Taxi  14000 IDR
  Assets:Cash  -14000 IDR

2025-07-15 * "Adi House Moding" "taxi"
  Expenses:Transport:Taxi  12000 IDR
  Assets:Cash  -12000 IDR

2025-07-16 * "вода" "вода"
  Expenses:Other  26000 IDR
  Assets:Cash  -26000 IDR

2025-07-16 * "barbershop" "taxi"
  Expenses:Transport:Taxi  13000 IDR
  Assets:Cash  -13000 IDR

2025-07-16 * "barbershop"
  Expenses:Grooming  130000 IDR
  Assets:Cash  -130000 IDR

2025-07-16 * "Tea House" "taxi"
  Expenses:Transport:Taxi  13000 IDR
  Assets:Cash  -13000 IDR

2025-07-16 * "Adi House Moding" "taxi"
  Expenses:Transport:Taxi  13000 IDR
  Assets:Cash  -13000 IDR

2025-07-16 * "Tuta House" "taxi"
  Expenses:Transport:Taxi  17000 IDR
  Assets:Cash  -17000 IDR

2025-07-16 * "Adi House Moding" "taxi"
  Expenses:Transport:Taxi  12000 IDR
  Assets:Cash  -12000 IDR

2025-07-17 * "shop / Cococu Laundry / Tea House" "taxi"
  Expenses:Transport:Taxi  17000 IDR
  Assets:Cash  -17000 IDR

2025-07-17 * "бананы, молоко"
  Expenses:Shopping  30000 IDR
  Assets:Cash  -30000 IDR

2025-07-17 * "Adi House Moding" "taxi"
  Expenses:Transport:Taxi  13000 IDR
  Assets:Cash  -13000 IDR

2025-07-17 * "[[Прем Баба]] академия"
  Expenses:Subscriptions  621009 IDR
  Assets:Cash  -621009 IDR

2025-07-17 * "Менеджеру"
  Income:CRM  10000 RUB
  Assets:Cash  -10000 RUB

2025-07-18 * "Tea House" "taxi"
  Expenses:Transport:Taxi  6500 IDR
  Assets:Cash  -6500 IDR

2025-07-18 * "Dikha Print" "taxi"
  Expenses:Transport:Taxi  13000 IDR
  Assets:Cash  -13000 IDR

2025-07-18 * "printing"
  Expenses:Services:Print  5000 IDR
  Assets:Cash  -5000 IDR

2025-07-18 * "Green Habbit" "shopping"
  Expenses:Shopping  241000 IDR
  Assets:Cash  -241000 IDR

2025-07-18 * "Adi House Moding" "taxi"
  Expenses:Transport:Taxi  11000 IDR
  Assets:Cash  -11000 IDR

2025-07-18 * "delivery" "4 сыра из Ла Бараки и чаевые 10000"
  Expenses:Food  140280 IDR
  Assets:Cash  -140280 IDR

2025-07-18 * "Tuta House" "taxi"
  Expenses:Transport:Taxi  13000 IDR
  Assets:Cash  -13000 IDR

2025-07-18 * "Adi House Moding" "taxi"
  Expenses:Transport:Taxi  12000 IDR
  Assets:Cash  -12000 IDR

2025-07-19 * "Matrix Element"
  Expenses:Other  600000 IDR
  Assets:Cash  -600000 IDR

2025-07-19 * "Tuta House" "taxi"
  Expenses:Transport:Taxi  6500 IDR
  Assets:Cash  -6500 IDR

2025-07-19 * "Cocoku / Adi House Moding" "taxi"
  Expenses:Transport:Taxi  15000 IDR
  Assets:Cash  -15000 IDR

2025-07-19 * "laundry"
  Expenses:Laundry  25500 IDR
  Assets:Cash  -25500 IDR

2025-07-19 * "Cocoku" "5 печенье"
  Expenses:Shopping  105000 IDR
  Assets:Cash  -105000 IDR

2025-07-20 * "Tuta House" "taxi"
  Expenses:Transport:Taxi  6500 IDR
  Assets:Cash  -6500 IDR

2025-07-20 * "Adi House Moding" "taxi"
  Expenses:Transport:Taxi  12000 IDR
  Assets:Cash  -12000 IDR

2025-07-21 * "flowers" "9 по 3000 плюс доставка за 15000"
  Expenses:Food:Delivery  42000 IDR
  Assets:Cash  -42000 IDR

2025-07-21 * "Tuta House" "taxi"
  Expenses:Transport:Taxi  10000 IDR
  Assets:Cash  -10000 IDR

2025-07-21 * "Adi House Moding" "taxi"
  Expenses:Transport:Taxi  12000 IDR
  Assets:Cash  -12000 IDR

2025-07-21 * "Подписка на Transkriptor"
  Expenses:Other  19 USD
  Assets:Cash  -19 USD

2025-07-22 * "Tea House" "taxi"
  Expenses:Transport:Taxi  19000 IDR
  Assets:Cash  -19000 IDR

2025-07-22 * "3 молока, белый шоколад, 2 банана, 5 сливки"
  Expenses:Shopping  148000 IDR
  Assets:Cash  -148000 IDR

2025-07-22 * "shop / Adi House Moding" "taxi"
  Expenses:Transport:Taxi  15000 IDR
  Assets:Cash  -15000 IDR

2025-07-23 * "mobile Internet" "subscription"
  Expenses:Subscriptions  31000 IDR
  Assets:Cash  -31000 IDR

2025-07-23 * "Tea House" "taxi"
  Expenses:Transport:Taxi  13000 IDR
  Assets:Cash  -13000 IDR

2025-07-23 * "food" "Pyramids of Chi суши, оладьи, торт, сок"
  Expenses:Food:Delivery  305500 IDR
  Assets:Cash  -305500 IDR

2025-07-23 * "Cocoku / Adi House Moding" "taxi"
  Expenses:Transport:Taxi  16000 IDR
  Assets:Cash  -16000 IDR

2025-07-23 * "Cocoku" "shopping"
  Expenses:Shopping  84000 IDR
  Assets:Cash  -84000 IDR

2025-07-24 * "Claude.ai"
  Expenses:Subscriptions  335866 IDR
  Assets:Cash  -335866 IDR

2025-07-24 * "Tuta House" "taxi"
  Expenses:Transport:Taxi  14000 IDR
  Assets:Cash  -14000 IDR

2025-07-24 * "delivery" "2 Пиццы из Белла Пицца и tips 5000"
  Expenses:Food  236465 IDR
  Assets:Cash  -236465 IDR

2025-07-24 * "Adi House Moding" "taxi"
  Expenses:Transport:Taxi  13000 IDR
  Assets:Cash  -13000 IDR

2025-07-25 * "Tea House" "taxi"
  Expenses:Transport:Taxi  14000 IDR
  Assets:Cash  -14000 IDR

2025-07-25 * "Piramids Of Chi" "taxi"
  Expenses:Transport:Taxi  15000 IDR
  Assets:Cash  -15000 IDR

2025-07-25 * "Piramids Of Chi" "food"
  Expenses:Food  335000 IDR
  Assets:Cash  -335000 IDR

2025-07-25 * "Tuta House" "taxi"
  Expenses:Transport:Taxi  15000 IDR
  Assets:Cash  -15000 IDR

2025-07-25 * "Fresh Ginger Juice"
  Expenses:Food:Delivery  93000 IDR
  Assets:Cash  -93000 IDR

2025-07-25 * "Adi House Moding" "taxi"
  Expenses:Transport:Taxi  14000 IDR
  Assets:Cash  -14000 IDR

2025-07-26 * "shop" "taxi"
  Expenses:Transport:Taxi  21500 IDR
  Assets:Cash  -21500 IDR

2025-07-26 * "Sacred Cocao" "taxi"
  Expenses:Transport:Taxi  14000 IDR
  Assets:Cash  -14000 IDR

2025-07-26 * "Sacred Cocao" "food"
  Expenses:Food  137500 IDR
  Assets:Cash  -137500 IDR

2025-07-26 * "Bintang" "taxi"
  Expenses:Transport:Taxi  0 IDR
  Assets:Cash  -0 IDR

2025-07-26 * "Bintang" "shopping"
  Expenses:Shopping  202934 IDR
  Assets:Cash  -202934 IDR

2025-07-26 * "coconut-spa"
  Expenses:Health:Wellness  300000 IDR
  Assets:Cash  -300000 IDR

2025-07-26 * "buffet" "food"
  Expenses:Food  63000 IDR
  Assets:Cash  -63000 IDR

2025-07-26 * "Adi House Moding" "taxi"
  Expenses:Transport:Taxi  15500 IDR
  Assets:Cash  -15500 IDR

2025-07-26 * "Cococu / Tea House" "Через стирку"
  Expenses:Transport:Taxi  17000 IDR
  Assets:Cash  -17000 IDR

2025-07-26 * "Cococu" "Хлеб Sour Dough"
  Expenses:Other  75000 IDR
  Assets:Cash  -75000 IDR

2025-07-26 * "Adi House Moding" "taxi"
  Expenses:Transport:Taxi  15000 IDR
  Assets:Cash  -15000 IDR

2025-07-26 * "менеджеру"
  Income:CRM  11520 RUB
  Assets:Cash  -11520 RUB

2025-07-27 * "Tea House / Cocoku / United Healing Center" "taxi"
  Expenses:Transport:Taxi  19000 IDR
  Assets:Cash  -19000 IDR

2025-07-27 * "Cococu Laundry" "Cococu-Laundry"
  Expenses:Other  30000 IDR
  Assets:Cash  -30000 IDR

2025-07-27 * "United Healing Center" "food"
  Expenses:Food  115000 IDR
  Assets:Cash  -115000 IDR

2025-07-27 * "Adi House Moding" "taxi"
  Expenses:Transport:Taxi  16000 IDR
  Assets:Cash  -16000 IDR

2025-07-27 * "[[Оля]]"
  Income:CRM  13160 RUB
  Assets:Cash  -13160 RUB

2025-07-28 * "3 молока, кола, печенье"
  Expenses:Shopping  89000 IDR
  Assets:Cash  -89000 IDR

2025-07-28 * "Budda Yana" "к Лене"
  Expenses:Transport:Taxi  25500 IDR
  Assets:Cash  -25500 IDR

2025-07-28 * "Adi House Moding" "taxi"
  Expenses:Transport:Taxi  23500 IDR
  Assets:Cash  -23500 IDR

2025-07-29 * "Bintang" "taxi"
  Expenses:Transport:Taxi  20500 IDR
  Assets:Cash  -20500 IDR

2025-07-29 * "Bintang" "бананы, чай, хлеб, батарейки"
  Expenses:Other  139654 IDR
  Assets:Cash  -139654 IDR

2025-07-29 * "Club Sehat" "кешью, сыр"
  Expenses:Other  0 IDR
  Assets:Cash  -0 IDR

2025-07-29 * "Manis Flower / Serenity SPA" "taxi"
  Expenses:Transport:Taxi  19000 IDR
  Assets:Cash  -19000 IDR

2025-07-29 * "Serenity SPA" "Hot Stone Massage"
  Assets:Cash  250000 IDR
  Assets:Cash  -250000 IDR

2025-07-29 * "Cococu Laundry / Adi House Moding / Usada" "taxi"
  Expenses:Transport:Taxi  37000 IDR
  Assets:Cash  -37000 IDR

2025-07-29 * "laundry"
  Expenses:Laundry  19500 IDR
  Assets:Cash  -19500 IDR

2025-07-29 * "Usada" "food"
  Expenses:Food  204430 IDR
  Assets:Cash  -204430 IDR

2025-07-29 * "Adi House Moding" "taxi"
  Expenses:Transport:Taxi  17000 IDR
  Assets:Cash  -17000 IDR

2025-07-30 * "менеджеру"
  Income:CRM  11400 RUB
  Assets:Cash  -11400 RUB

2025-07-30 * "Tuta House" "taxi"
  Expenses:Transport:Taxi  25000 IDR
  Assets:Cash  -25000 IDR

2025-07-30 * "Adi House Moding" "taxi"
  Expenses:Transport:Taxi  21000 IDR
  Assets:Cash  -21000 IDR

2025-07-31 * "вода" "вода"
  Expenses:Other  26000 IDR
  Assets:Cash  -26000 IDR

2025-07-31 * "delivery" "Пицца и сок"
  Expenses:Food  98700 IDR
  Assets:Cash  -98700 IDR

2025-07-31 * "house" "Оплата за дом"
  Expenses:Housing:Rent  5500000 IDR
  Assets:Cash  -5500000 IDR

2025-08-01 * "coconut spa" "taxi"
  Expenses:Transport:Taxi  17000 IDR
  Assets:Cash  -17000 IDR

2025-08-01 * "Hot Stone Massage 90 min"
  Expenses:Health:Wellness  300000 IDR
  Assets:Cash  -300000 IDR

2025-08-01 * "Satvika Bhoga / Manis Flower / Sayuri" "taxi"
  Expenses:Transport:Taxi  16500 IDR
  Assets:Cash  -16500 IDR

2025-08-01 * "Satvika Bhoga" "Кускус и шоколад"
  Expenses:Shopping  158000 IDR
  Assets:Cash  -158000 IDR

2025-08-01 * "flowers" "shopping"
  Expenses:Shopping  27000 IDR
  Assets:Cash  -27000 IDR

2025-08-01 * "Sayuri" "тудэй спешил, мате, тосты, благовония, сок с собой"
  Expenses:Other  413500 IDR
  Assets:Cash  -413500 IDR

2025-08-01 * "Adi House Moding" "taxi"
  Expenses:Transport:Taxi  20500 IDR
  Assets:Cash  -20500 IDR

2025-08-01 * "3 чокопай, 2 молоко"
  Expenses:Shopping  50000 IDR
  Assets:Cash  -50000 IDR

2025-08-01 * "Оплата [[Оля]]"
  Income:CRM  14080 RUB
  Assets:Cash  -14080 RUB

2025-08-01 * "Оплата Менеджеру"
  Income:CRM  10920 RUB
  Assets:Cash  -10920 RUB

2025-08-02 * "BCA" "Обслуживание карты"
  Expenses:Other  15243 IDR
  Assets:Cash  -15243 IDR

2025-08-02 * "Pyramids of Chi" "taxi"
  Expenses:Transport:Taxi  11000 IDR
  Assets:Cash  -11000 IDR

2025-08-02 * "Pyramids of Chi" "Сок и lemon tart"
  Expenses:Food  138000 IDR
  Assets:Cash  -138000 IDR

2025-08-02 * "Благовония Lemon Grass"
  Expenses:Shopping  40000 IDR
  Assets:Cash  -40000 IDR

2025-08-02 * "Tea House" "на встречу с Ториком и Мини"
  Expenses:Transport:Taxi  14000 IDR
  Assets:Cash  -14000 IDR

2025-08-02 * "Tuta House" "taxi"
  Expenses:Transport:Taxi  11000 IDR
  Assets:Cash  -11000 IDR

2025-08-02 * "Adi House Moding" "taxi"
  Expenses:Transport:Taxi  14000 IDR
  Assets:Cash  -14000 IDR

2025-08-03 * "[[Оля]] с ВТБ"
  Income:CRM  12460 RUB
  Assets:Cash  -12460 RUB

2025-08-03 * "4 банана и соль"
  Expenses:Shopping  10000 IDR
  Assets:Cash  -10000 IDR

2025-08-03 * "Tea House" "taxi"
  Expenses:Transport:Taxi  15000 IDR
  Assets:Cash  -15000 IDR

2025-08-03 * "Pyramids of Chi" "Карри и торт"
  Expenses:Transport:Taxi  14000 IDR
  Assets:Cash  -14000 IDR

2025-08-03 * "Pyramids of Chi" "food"
  Expenses:Food  156000 IDR
  Assets:Cash  -156000 IDR

2025-08-03 * "Mobile-Internet"
  Expenses:Telecom:Internet  51500 IDR
  Assets:Cash  -51500 IDR

2025-08-04 * "Cococu Laundry / shopping / Tea House" "с чаевыми за помощь"
  Expenses:Transport:Taxi  44000 IDR
  Assets:Cash  -44000 IDR

2025-08-04 * "United Healing Center" "Вроп, брауни и матча"
  Expenses:Food  184000 IDR
  Assets:Cash  -184000 IDR

2025-08-04 * "Adi House Moding" "taxi"
  Expenses:Transport:Taxi  14000 IDR
  Assets:Cash  -14000 IDR

2025-08-04 * "cow" "Махешику"
  Expenses:Donations  5500 RUB
  Assets:Cash  -5500 RUB

2025-08-05 * "на Киртан"
  Expenses:Transport:Taxi  9000 IDR
  Assets:Cash  -9000 IDR

2025-08-05 * "Cococu Laundry / Adi House Moding" "taxi"
  Expenses:Transport:Taxi  17000 IDR
  Assets:Cash  -17000 IDR

2025-08-05 * "laundry"
  Expenses:Laundry  24000 IDR
  Assets:Cash  -24000 IDR

2025-08-05 * "Джаму"
  Expenses:Shopping  10000 IDR
  Assets:Cash  -10000 IDR

2025-08-06 * "Music Art Yoga Fest"
  Expenses:Donations  500000 IDR
  Assets:Cash  -500000 IDR

2025-08-06 * "food" "из Bella Pizza - Пицца, сок и фри"
  Expenses:Food:Delivery  155830 IDR
  Assets:Cash  -155830 IDR

2025-08-06 * "на фестиваль"
  Expenses:Transport:Taxi  24500 IDR
  Assets:Cash  -24500 IDR

2025-08-06 * "в [[Adi House Moding]] через [[Cocoku]]"
  Expenses:Transport:Taxi  30000 IDR
  Assets:Cash  -30000 IDR

2025-08-06 * "Cococu" "shopping"
  Expenses:Shopping  167000 IDR
  Assets:Cash  -167000 IDR

2025-08-06 * "1 месяц CapCut"
  Expenses:Subscriptions  15000 IDR
  Assets:Cash  -15000 IDR

2025-08-07 * "Bintang" "taxi"
  Expenses:Transport:Taxi  12000 IDR
  Assets:Cash  -12000 IDR

2025-08-07 * "Bintang" "Хлеб, масло, печенье"
  Expenses:Shopping  137000 IDR
  Assets:Cash  -137000 IDR

2025-08-07 * "Club Sehat" "Сливки, греча, кешью, 2 сыра"
  Expenses:Shopping  495000 IDR
  Assets:Cash  -495000 IDR

2025-08-07 * "Буфет"
  Expenses:Food  61500 IDR
  Assets:Cash  -61500 IDR

2025-08-07 * "Hot Stone Massage 90min"
  Expenses:Health:Wellness  300000 IDR
  Assets:Cash  -300000 IDR

2025-08-07 * "Manis Flower / Adi House Moding" "taxi"
  Expenses:Transport:Taxi  25500 IDR
  Assets:Cash  -25500 IDR

2025-08-07 * "Manis Flower" "10 стеблей по 4000"
  Expenses:Shopping  41200 IDR
  Assets:Cash  -41200 IDR

2025-08-07 * "food" "Доставка Вафли"
  Expenses:Food:Delivery  85300 IDR
  Assets:Cash  -85300 IDR

2025-08-08 * "Справка из полиции"
  Expenses:Services  2000000 IDR
  Assets:Cash  -2000000 IDR

2025-08-08 * "вода" "вода"
  Expenses:Other  25000 IDR
  Assets:Cash  -25000 IDR

2025-08-08 * "Tea House / Cococu Laundry" "taxi"
  Expenses:Transport:Taxi  17000 IDR
  Assets:Cash  -17000 IDR

2025-08-08 * "Adi House Moding" "taxi"
  Expenses:Transport:Taxi  16000 IDR
  Assets:Cash  -16000 IDR

2025-08-08 * "на концерт"
  Expenses:Transport:Taxi  20500 IDR
  Assets:Cash  -20500 IDR

2025-08-08 * "концерт"
  Expenses:Donations  450000 IDR
  Assets:Cash  -450000 IDR

2025-08-08 * "за мурти Лакшми"
  Expenses:Donations  100000 IDR
  Assets:Cash  -100000 IDR

2025-08-08 * "Adi House Moding" "taxi"
  Expenses:Transport:Taxi  17000 IDR
  Assets:Cash  -17000 IDR

2025-08-08 * "менеджеру"
  Income:CRM  11280 RUB
  Assets:Cash  -11280 RUB

2025-08-08 * "Кибер-Прайм на 1 месяц"
  Expenses:Subscriptions  3590 RUB
  Assets:Cash  -3590 RUB

2025-08-09 * "shopping" "Чемодан с доставкой"
  Expenses:Food:Delivery  840000 IDR
  Assets:Cash  -840000 IDR

2025-08-09 * "Tea House" "taxi"
  Expenses:Transport:Taxi  14000 IDR
  Assets:Cash  -14000 IDR

2025-08-09 * "Cococu Laundry / Adi House Moding" "с чаевыми 6000"
  Expenses:Transport:Taxi  23000 IDR
  Assets:Cash  -23000 IDR

2025-08-09 * "laundry"
  Expenses:Laundry  15000 IDR
  Assets:Cash  -15000 IDR

2025-08-09 * "рядом со стиркой - Лимонад и Витамин Ц"
  Expenses:Shopping  10000 IDR
  Assets:Cash  -10000 IDR

2025-08-09 * "дальний магазин - 3 молоко, шоколад"
  Expenses:Shopping  93000 IDR
  Assets:Cash  -93000 IDR

2025-08-09 * "Telegram Premuim за год"
  Expenses:Subscriptions  450000 IDR
  Assets:Cash  -450000 IDR

2025-08-09 * "на концерт"
  Expenses:Transport:Taxi  27000 IDR
  Assets:Cash  -27000 IDR

2025-08-09 * "Adi House Moding" "taxi"
  Expenses:Transport:Taxi  28000 IDR
  Assets:Cash  -28000 IDR

2025-08-10 * "Лепестки и вода"
  Expenses:Shopping  14000 IDR
  Assets:Cash  -14000 IDR

2025-08-10 * "на Сатсанг"
  Expenses:Transport:Taxi  321500 IDR
  Assets:Cash  -321500 IDR

2025-08-10 * "K Mart по поути на Сатсанг - шоколадка"
  Expenses:Shopping  27000 IDR
  Assets:Cash  -27000 IDR

2025-08-10 * "Adi House Moding" "taxi"
  Expenses:Transport:Taxi  41500 IDR
  Assets:Cash  -41500 IDR

2025-08-11 * "delivery / Fortunate Coffee" "- Кукуруза, суши, пирожки, печенье 250750"
  Expenses:Food  250750 IDR
  Assets:Cash  -250750 IDR

2025-08-11 * "32GB"
  Expenses:Telecom:Internet  70000 IDR
  Assets:Cash  -70000 IDR

2025-08-11 * "Manus AI" "subscription"
  Expenses:Subscriptions  249000 IDR
  Assets:Cash  -249000 IDR

2025-08-11 * "Tuta House" "taxi"
  Expenses:Transport:Taxi  17000 IDR
  Assets:Cash  -17000 IDR

2025-08-11 * "Adi House Moding" "taxi"
  Expenses:Transport:Taxi  13000 IDR
  Assets:Cash  -13000 IDR

2025-08-11 * "Manager Salary" "CRM"
  Income:CRM  11040 RUB
  Assets:Cash  -11040 RUB

2025-08-12 * "food / Pengkolan" "Блины, оладьи, яблочный торт и ласси"
  Expenses:Food:Delivery  188500 IDR
  Assets:Cash  -188500 IDR

2025-08-12 * "вода / Tuta House" "для"
  Expenses:Other  26000 IDR
  Assets:Cash  -26000 IDR

2025-08-12 * "Tuta House" "taxi"
  Expenses:Transport:Taxi  11500 IDR
  Assets:Cash  -11500 IDR

2025-08-12 * "Plant Bistro" "2 порции суши"
  Expenses:Food:Delivery  213200 IDR
  Assets:Cash  -213200 IDR

2025-08-12 * "Adi House Moding" "taxi"
  Expenses:Transport:Taxi  14000 IDR
  Assets:Cash  -14000 IDR

2025-08-13 * "в Банк"
  Expenses:Transport:Taxi  16000 IDR
  Assets:Cash  -16000 IDR

2025-08-13 * "Sayuri" "food"
  Expenses:Food  342500 IDR
  Assets:Cash  -342500 IDR

2025-08-13 * "на Бади Перкашн"
  Expenses:Transport:Taxi  16000 IDR
  Assets:Cash  -16000 IDR

2025-08-13 * "Бади Перкашн"
  Expenses:Donations  100000 IDR
  Assets:Cash  -100000 IDR

2025-08-13 * "Adi House Moding / Cococu" "через"
  Expenses:Transport:Taxi  29000 IDR
  Assets:Cash  -29000 IDR

2025-08-13 * "Cocou" "Бананы, печенье и сок"
  Expenses:Food  142150 IDR
  Assets:Cash  -142150 IDR

2025-08-13 * "Pure Grape Juice 300ml"
  Expenses:Food:Delivery  72000 IDR
  Assets:Cash  -72000 IDR

2025-08-14 * "coconut spa" "taxi"
  Expenses:Transport:Taxi  17000 IDR
  Assets:Cash  -17000 IDR

2025-08-14 * "Hot Stone Massage 90 min"
  Expenses:Health:Wellness  300000 IDR
  Assets:Cash  -300000 IDR

2025-08-14 * "Satvika Bhoga / Manis Flower / Sayuri" "taxi"
  Expenses:Transport:Taxi  16500 IDR
  Assets:Cash  -16500 IDR

2025-08-14 * "Satvika Bhoga" "Кускус и шоколад"
  Expenses:Shopping  158000 IDR
  Assets:Cash  -158000 IDR

2025-08-14 * "flowers" "shopping"
  Expenses:Shopping  27000 IDR
  Assets:Cash  -27000 IDR

2025-08-14 * "Sayuri" "тудэй спешил, мате, тосты, благовония, сок с собой"
  Expenses:Other  413500 IDR
  Assets:Cash  -413500 IDR

2025-08-14 * "Adi House Moding" "taxi"
  Expenses:Transport:Taxi  20500 IDR
  Assets:Cash  -20500 IDR

2025-08-14 * "3 чокопай, 2 молоко"
  Expenses:Shopping  50000 IDR
  Assets:Cash  -50000 IDR

2025-08-14 * "Оплата [[Оля]]"
  Income:CRM  14080 RUB
  Assets:Cash  -14080 RUB

2025-08-14 * "Оплата Менеджеру"
  Income:CRM  10920 RUB
  Assets:Cash  -10920 RUB

2025-08-15 * "Joyously Raw" "занятие с Рассвет"
  Expenses:Transport:Taxi  20500 IDR
  Assets:Cash  -20500 IDR

2025-08-15 * "Joyously Raw" "заняте с Рассвет"
  Expenses:Donations  100000 IDR
  Assets:Cash  -100000 IDR

2025-08-15 * "Joyously Raw" "Авокадо тост, Матча латте с Алмонд милк"
  Expenses:Food  115000 IDR
  Assets:Cash  -115000 IDR

2025-08-15 * "Plant Bistro" "пироженное и сок"
  Expenses:Food  144000 IDR
  Assets:Cash  -144000 IDR

2025-08-15 * "Tuta House" "taxi"
  Expenses:Transport:Taxi  17000 IDR
  Assets:Cash  -17000 IDR

2025-08-15 * "Adi House Moding" "taxi"
  Expenses:Transport:Taxi  14000 IDR
  Assets:Cash  -14000 IDR

2025-08-16 * "delivery" "Пицца из Bella"
  Expenses:Food  141200 IDR
  Assets:Cash  -141200 IDR

2025-08-17 * "Аудио книга - 2 жизни"
  Expenses:Education:Books  69000 IDR
  Assets:Cash  -69000 IDR

2025-08-17 * "Tuta House" "taxi"
  Expenses:Transport:Taxi  14000 IDR
  Assets:Cash  -14000 IDR

2025-08-17 * "Sayuri" "taxi"
  Expenses:Transport:Taxi  16000 IDR
  Assets:Cash  -16000 IDR

2025-08-17 * "Jeremy Kirtan"
  Expenses:Donations  250000 IDR
  Assets:Cash  -250000 IDR

2025-08-17 * "Мурти Ганеша"
  Expenses:Donations  100000 IDR
  Assets:Cash  -100000 IDR

2025-08-17 * "шоколад"
  Expenses:Shopping  77500 IDR
  Assets:Cash  -77500 IDR

2025-08-17 * "Adi House Moding" "taxi"
  Expenses:Transport:Taxi  18000 IDR
  Assets:Cash  -18000 IDR

2025-08-18 * "Cococu Laundry / shop / Adi House Moding" "taxi"
  Expenses:Transport:Taxi  18000 IDR
  Assets:Cash  -18000 IDR

2025-08-18 * "Cococu" "3 печенья, 4 банана"
  Expenses:Shopping  79450 IDR
  Assets:Cash  -79450 IDR

2025-08-18 * "Cococu" "Pineapple Mint Juice"
  Expenses:Shopping  59000 IDR
  Assets:Cash  -59000 IDR

2025-08-18 * "6 сливки 2 молоко"
  Expenses:Shopping  108000 IDR
  Assets:Cash  -108000 IDR

2025-08-18 * "Piramids Of Chi" "taxi"
  Expenses:Transport:Taxi  10000 IDR
  Assets:Cash  -10000 IDR

2025-08-18 * "вода" "вода"
  Expenses:Other  30000 IDR
  Assets:Cash  -30000 IDR

2025-08-18 * "Piramids Of Chi" "Суши и eggplant vegan cheese rolls и цинамон кейк"
  Expenses:Food  231000 IDR
  Assets:Cash  -231000 IDR

2025-08-18 * "Light Sound Vibration"
  Expenses:Donations  850000 IDR
  Assets:Cash  -850000 IDR

2025-08-18 * "ЗП [[Оля]]"
  Income:CRM  12880 RUB
  Assets:Cash  -12880 RUB

2025-08-19 * "Joyously Raw" "taxi"
  Expenses:Transport:Taxi  20500 IDR
  Assets:Cash  -20500 IDR

2025-08-19 * "Manis Flower" "цветы"
  Expenses:Gifts:Flowers  27000 IDR
  Assets:Cash  -27000 IDR

2025-08-19 * "Adi House Moding" "taxi"
  Expenses:Transport:Taxi  15500 IDR
  Assets:Cash  -15500 IDR

2025-08-19 * "dentist" "taxi"
  Expenses:Transport:Taxi  16000 IDR
  Assets:Cash  -16000 IDR

2025-08-19 * "Чистка зубов"
  Expenses:Health:Dental  600000 IDR
  Assets:Cash  -600000 IDR

2025-08-19 * "Нитка для зубов, Толак Ангин, Нюхолка"
  Expenses:Shopping  74650 IDR
  Assets:Cash  -74650 IDR

2025-08-19 * "laundry"
  Expenses:Laundry  22500 IDR
  Assets:Cash  -22500 IDR

2025-08-19 * "менеджеру"
  Income:CRM  11520 RUB
  Assets:Cash  -11520 RUB

2025-08-20 * "стоматологу"
  Expenses:Transport:Taxi  16000 IDR
  Assets:Cash  -16000 IDR

2025-08-20 * "signature" "Пломбирование 2 зуба"
  Expenses:Health:Dental  1200000 IDR
  Assets:Cash  -1200000 IDR

2025-08-20 * "на Рентген зубов"
  Expenses:Transport:Taxi  16000 IDR
  Assets:Cash  -16000 IDR

2025-08-20 * "signature" "Рентген зубов"
  Expenses:Health:Dental  400000 IDR
  Assets:Cash  -400000 IDR

2025-08-20 * "в Барбершоп"
  Expenses:Transport:Taxi  30500 IDR
  Assets:Cash  -30500 IDR

2025-08-20 * "barbershop"
  Expenses:Grooming  130000 IDR
  Assets:Cash  -130000 IDR

2025-08-20 * "Adi House Moding" "taxi"
  Expenses:Transport:Taxi  14000 IDR
  Assets:Cash  -14000 IDR

2025-08-20 * "delivery" "Пицца из Белла - 4 сыра"
  Expenses:Food  83230 IDR
  Assets:Cash  -83230 IDR

2025-08-20 * "в Сарасвати Темпл"
  Expenses:Transport:Taxi  26500 IDR
  Assets:Cash  -26500 IDR

2025-08-20 * "Бади Перкашн Бади Перкашн"
  Expenses:Donations  100000 IDR
  Assets:Cash  -100000 IDR

2025-08-20 * "Adi House Moding" "taxi"
  Expenses:Transport:Taxi  28000 IDR
  Assets:Cash  -28000 IDR

2025-08-20 * "Джаму"
  Expenses:Shopping  10000 IDR
  Assets:Cash  -10000 IDR

2025-08-20 * "Tokopedia" "AlphaGPC, Lion’s Mane"
  Expenses:Shopping  1189000 IDR
  Assets:Cash  -1189000 IDR

2025-08-21 * "Permata"
  Expenses:Transport:Taxi  16000 IDR
  Assets:Cash  -16000 IDR

2025-08-21 * "Adi House Moding" "taxi"
  Expenses:Transport:Taxi  19500 IDR
  Assets:Cash  -19500 IDR

2025-08-21 * "Адити"
  Expenses:Donations  40000 IDR
  Assets:Cash  -40000 IDR

2025-08-21 * "Адити"
  Expenses:Donations  48000 IDR
  Assets:Cash  -48000 IDR

2025-08-21 * "dentist" "taxi"
  Expenses:Transport:Taxi  16000 IDR
  Assets:Cash  -16000 IDR

2025-08-21 * "signature" "dentist"
  Expenses:Health:Dental  1150000 IDR
  Assets:Cash  -1150000 IDR

2025-08-21 * "Аптека - нить для зубов"
  Expenses:Shopping  26000 IDR
  Assets:Cash  -26000 IDR

2025-08-21 * "Pyramids of Chi" "taxi"
  Expenses:Transport:Taxi  14000 IDR
  Assets:Cash  -14000 IDR

2025-08-21 * "Pyramids of Chi" "Ancient Sound Healing"
  Expenses:Other  350000 IDR
  Assets:Cash  -350000 IDR

2025-08-21 * "Pyramids of Chi / signature" "food"
  Expenses:Food  266000 IDR
  Assets:Cash  -266000 IDR

2025-08-21 * "Tea House" "- кари с нутом, суши и кэрот кейк"
  Expenses:Transport:Taxi  20000 IDR
  Assets:Cash  -20000 IDR

2025-08-21 * "signature" "Итальянское кафе - Равиоли и кокао"
  Expenses:Food  169070 IDR
  Assets:Cash  -169070 IDR

2025-08-22 * "dentist" "taxi"
  Expenses:Transport:Taxi  16000 IDR
  Assets:Cash  -16000 IDR

2025-08-22 * "signature" "2 зуба"
  Expenses:Health:Dental  1150000 IDR
  Assets:Cash  -1150000 IDR

2025-08-22 * "signature" "Зубная нить"
  Expenses:Health:Dental  100000 IDR
  Assets:Cash  -100000 IDR

2025-08-22 * "Piramids Of Chi" "taxi"
  Expenses:Transport:Taxi  16500 IDR
  Assets:Cash  -16500 IDR

2025-08-22 * "signature" "Scalar Healing Energy"
  Expenses:Services  650000 IDR
  Assets:Cash  -650000 IDR

2025-08-22 * "signature" "Gyoza and sushi"
  Expenses:Food  174000 IDR
  Assets:Cash  -174000 IDR

2025-08-22 * "благовония"
  Expenses:Shopping  40000 IDR
  Assets:Cash  -40000 IDR

2025-08-23 * "study" "Жанна Петухова - ИИ без воды - уроки с [[2025-08-28]]"
  Expenses:Other  990 RUB
  Assets:Cash  -990 RUB

2025-08-23 * "delivery" "Манты с тыквой, шашлык из Грибов, винегрет, айран, Наан"
  Expenses:Food  327000 IDR
  Assets:Cash  -327000 IDR

2025-08-23 * "Listerine"
  Expenses:Food:Delivery  17000 IDR
  Assets:Cash  -17000 IDR

2025-08-23 * "flowers" "11 белых с доставкой"
  Expenses:Food:Delivery  47500 IDR
  Assets:Cash  -47500 IDR

2025-08-23 * "Ежовик"
  Expenses:Shopping  600000 IDR
  Assets:Cash  -600000 IDR

2025-08-23 * "к Максим"
  Expenses:Transport:Taxi  15000 IDR
  Assets:Cash  -15000 IDR

2025-08-23 * "у Максима"
  Expenses:Culture:Ceremony  1000000 IDR
  Assets:Cash  -1000000 IDR

2025-08-23 * "Cocoku" "4 банана, фруктовая тарелка и ананасовый сок"
  Expenses:Food  86000 IDR
  Assets:Cash  -86000 IDR

2025-08-24 * "delivery" "food"
  Expenses:Food  155750 IDR
  Assets:Cash  -155750 IDR

2025-08-24 * "Alchemy" "taxi"
  Expenses:Transport:Taxi  20500 IDR
  Assets:Cash  -20500 IDR

2025-08-24 * "Каруника"
  Expenses:Donations  350000 IDR
  Assets:Cash  -350000 IDR

2025-08-24 * "Adi House Moding" "taxi"
  Expenses:Transport:Taxi  18000 IDR
  Assets:Cash  -18000 IDR

2025-08-25 * "авто такси в Дом Гуру и проезд по мосту"
  Expenses:Transport:Taxi  368500 IDR
  Assets:Cash  -368500 IDR

2025-08-25 * "laundry"
  Expenses:Laundry  22000 IDR
  Assets:Cash  -22000 IDR

2025-08-25 * "авто такси в кафе Уша"
  Expenses:Transport:Taxi  261000 IDR
  Assets:Cash  -261000 IDR

2025-08-25 * "Usha cafe" "вареники, квас, оливье"
  Expenses:Food  167475 IDR
  Assets:Cash  -167475 IDR

2025-08-25 * "Tuta House" "taxi"
  Expenses:Transport:Taxi  21500 IDR
  Assets:Cash  -21500 IDR

2025-08-25 * "Adi House Moding" "taxi"
  Expenses:Transport:Taxi  14000 IDR
  Assets:Cash  -14000 IDR

2025-08-25 * "Молоко и 4 батарейки"
  Expenses:Shopping  32000 IDR
  Assets:Cash  -32000 IDR

2025-08-25 * "Джаму и 4 бананы"
  Expenses:Shopping  20000 IDR
  Assets:Cash  -20000 IDR

2025-08-25 * "ЗП Оле"
  Income:CRM  13020 RUB
  Assets:Cash  -13020 RUB

2025-08-25 * "Adi House Moding" "taxi"
  Expenses:Transport:Taxi  14000 IDR
  Assets:Cash  -14000 IDR

2025-08-25 * "Молоко и 4 батарейки"
  Expenses:Shopping  32000 IDR
  Assets:Cash  -32000 IDR

2025-08-25 * "Джаму и 4 бананы"
  Expenses:Shopping  20000 IDR
  Assets:Cash  -20000 IDR

2025-08-25 * "Ягья Ганешу"
  Expenses:Culture:Ceremony  1300 RUB
  Assets:Cash  -1300 RUB

2025-08-25 * "Питри Пакша"
  Expenses:Culture:Ceremony  5000 RUB
  Assets:Cash  -5000 RUB

2025-08-25 * "delivey / Pengkolan" "Ужин - Wrap"
  Expenses:Food  74000 IDR
  Assets:Cash  -74000 IDR

2025-08-26 * "Ra-Family"
  Expenses:Transport:Taxi  32500 IDR
  Assets:Cash  -32500 IDR

2025-08-26 * "Круг Света"
  Expenses:Donations  100000 IDR
  Assets:Cash  -100000 IDR

2025-08-26 * "Adi House Moding" "taxi"
  Expenses:Transport:Taxi  31000 IDR
  Assets:Cash  -31000 IDR

2025-08-26 * "Cash" "TheChai"
  Expenses:Transport:Taxi  35000 IDR
  Assets:Cash  -35000 IDR

2025-08-26 * "TheChai благовония Spices"
  Expenses:Shopping  25000 IDR
  Assets:Cash  -25000 IDR

2025-08-26 * "Adi House Moding" "taxi"
  Expenses:Transport:Taxi  28000 IDR
  Assets:Cash  -28000 IDR

2025-08-26 * "delivery" "2 Вафли, какао"
  Expenses:Food  220900 IDR
  Assets:Cash  -220900 IDR

2025-08-27 * "Доставка чаш с типс"
  Expenses:Food:Delivery  139000 IDR
  Assets:Cash  -139000 IDR

2025-08-27 * "Autopad App"
  Expenses:Subscriptions:Apps  99000 IDR
  Assets:Cash  -99000 IDR

2025-08-27 * "Tokopedia" "Переходники"
  Expenses:Shopping  196100 IDR
  Assets:Cash  -196100 IDR

2025-08-27 * "Стирка"
  Expenses:Laundry  22500 IDR
  Assets:Cash  -22500 IDR

2025-08-27 * "Alchemy" "taxi"
  Expenses:Transport:Taxi  35500 IDR
  Assets:Cash  -35500 IDR

2025-08-27 * "Jeremy" "Kirtan for Ganesh"
  Expenses:Services  450000 IDR
  Assets:Cash  -450000 IDR

2025-08-27 * "Alchemy" "Салат с рисом и грибами"
  Expenses:Food  115500 IDR
  Assets:Cash  -115500 IDR

2025-08-27 * "Ubud Shisha" "taxi"
  Expenses:Transport:Taxi  21000 IDR
  Assets:Cash  -21000 IDR

2025-08-27 * "Ubud Shisha" "Passion fruit и чай"
  Expenses:Other  35000 IDR
  Assets:Cash  -35000 IDR

2025-08-27 * "Adi House Moding" "taxi"
  Expenses:Transport:Taxi  19500 IDR
  Assets:Cash  -19500 IDR

2025-08-28 * "United Healing Center" "taxi"
  Expenses:Transport:Taxi  16000 IDR
  Assets:Cash  -16000 IDR

2025-08-28 * "United Healing Center" "Butternut feta and cacao"
  Expenses:Food  155250 IDR
  Assets:Cash  -155250 IDR

2025-08-28 * "шоколад"
  Expenses:Food  103000 IDR
  Assets:Cash  -103000 IDR

2025-08-28 * "Adi House Moding" "taxi"
  Expenses:Transport:Taxi  14000 IDR
  Assets:Cash  -14000 IDR

2025-08-28 * "delivery" "Пицца Бурата без глютена"
  Expenses:Food  202000 IDR
  Assets:Cash  -202000 IDR

2025-08-28 * "delivery / Usha cafe" "Оливье и квас из"
  Expenses:Food  165000 IDR
  Assets:Cash  -165000 IDR

2025-08-28 * "e2language за 6 месяцев"
  Expenses:Subscriptions  1424500 IDR
  Assets:Cash  -1424500 IDR

2025-08-29 * "Tuta House" "taxi"
  Expenses:Transport:Taxi  15000 IDR
  Assets:Cash  -15000 IDR

2025-08-29 * "Healing Center" "Гранола и распечатка"
  Expenses:Food  37500 IDR
  Assets:Cash  -37500 IDR

2025-08-29 * "Adi House Moding" "taxi"
  Expenses:Transport:Taxi  17000 IDR
  Assets:Cash  -17000 IDR

2025-08-29 * "Bali Airport" "taxi"
  Expenses:Transport:Taxi  350000 IDR
  Assets:Cash  -350000 IDR

2025-08-29 * "Amaysim"
  Expenses:Telecom:SIM  12 AUD
  Assets:Cash  -12 AUD

2025-08-29 * "plane" "Peppermint Tea"
  Expenses:Food  5 AUD
  Assets:Cash  -5 AUD

2025-08-29 * "plane" "quiche veggies"
  Expenses:Food  12 AUD
  Assets:Cash  -12 AUD

2025-08-30 * "ALDI" "Timtam"
  Expenses:Shopping  4.51 AUD
  Assets:Cash  -4.51 AUD

2025-08-30 * "Coles" "зубная паста и кокосовые сливки"
  Expenses:Shopping  5.85 AUD
  Assets:Cash  -5.85 AUD

2025-08-31 * "деревянная ложечка для чай"
  Expenses:Shopping  3 AUD
  Assets:Cash  -3 AUD

2025-08-31 * "Bendigo  комиссия за 50 aud"
  Assets:Cash  3 AUD
  Assets:Cash  -3 AUD

2025-09-02 * "ALDI" "Цветы, печенье"
  Expenses:Shopping  32.22 AUD
  Assets:Cash  -32.22 AUD

2025-09-02 * "pharmacy" "Фолиевая кислота"
  Expenses:Shopping  25.95 AUD
  Assets:Cash  -25.95 AUD

2025-09-03 * "take away" "Горячий шоколад и 3 печенье 12.70 AUD"
  Expenses:Food  12.70 AUD
  Assets:Cash  -12.70 AUD

2025-09-03 * "2 WaterFloss Waterpik"
  Expenses:Food:Delivery  332 AUD
  Assets:Cash  -332 AUD

2025-09-04 * "Bunnings" "Переходник для розетки"
  Expenses:Shopping  8.95 AUD
  Assets:Cash  -8.95 AUD

2025-09-04 * "Woolworths" "Цветы, Кокосовые сливки, 2х TimTam"
  Expenses:Shopping  0 AUD
  Assets:Cash  0 AUD

2025-09-05 * "ChatGPT" "subscription"
  Expenses:Subscriptions  0 AUD ; 350000 IDR
  Assets:Cash  -0 AUD

2025-09-06 * "HOTA" "Ужин в"
  Expenses:Food  23 AUD
  Assets:Cash  -23 AUD

2025-09-06 * "Woolworths" "- цветы, 3 печенья, кокосовые сливки"
  Expenses:Shopping  43.75 AUD
  Assets:Cash  -43.75 AUD

2025-09-08 * "ALDI" "- Ромашковый чай, печенье, сыр, торт"
  Expenses:Shopping  42.90 AUD
  Assets:Cash  -42.90 AUD

2025-09-08 * "Букет и свеча"
  Expenses:Shopping  190.95 AUD
  Assets:Cash  -190.95 AUD

2025-09-10 * "Глутамин, Брахми, Ашваганда"
  Expenses:Health:Pharmacy  81.47 AUD
  Assets:Cash  -81.47 AUD

2025-09-10 * "Coles" "Сыр Tasty, Кофе, Изюм"
  Expenses:Shopping  14.20 AUD
  Assets:Cash  -14.20 AUD

2025-09-10 * "2x AlphaGPC online"
  Expenses:Food:Delivery  90.09 AUD
  Assets:Cash  -90.09 AUD

2025-09-11 * "limonade"
  Expenses:Shopping  5 AUD
  Assets:Cash  -5 AUD

2025-09-11 * "limonade RedBull"
  Expenses:Shopping  4.30 AUD
  Assets:Cash  -4.30 AUD

2025-09-11 * "mousepad, cable"
  Expenses:Shopping  40 AUD
  Assets:Cash  -40 AUD

2025-09-12 * "DeployHQ" "subscription"
  Expenses:Subscriptions  184484 IDR
  Assets:Cash  -184484 IDR

2025-09-12 * "Manus AI" "subscription"
  Expenses:Subscriptions  322478 IDR
  Assets:Cash  -322478 IDR

2025-09-12 * "iPhone battery"
  Expenses:Shopping  80 AUD
  Assets:Cash  -80 AUD

2025-09-12 * "Cafe Max Brener"
  Expenses:Food  29.40 AUD
  Assets:Cash  -29.40 AUD

2025-09-13 * "iPhone back glass"
  Expenses:Services:Repair  149 AUD
  Assets:Cash  -149 AUD

2025-09-13 * "iPhone transparent case"
  Expenses:Shopping  25 AUD
  Assets:Cash  -25 AUD

2025-09-13 * "Вьетнамские ролы"
  Expenses:Food  12.89 AUD
  Assets:Cash  -12.89 AUD

2025-09-13 * "Woolworths" "Лилии, лимонад"
  Expenses:Shopping  21.81 AUD
  Assets:Cash  -21.81 AUD

2025-09-14 * "Детский лимонад с печеньем"
  Expenses:Food  0.50 AUD
  Assets:Cash  -0.50 AUD

2025-09-14 * "Didi / ASMY" "taxi"
  Expenses:Transport:Taxi  16.47 AUD
  Assets:Cash  -16.47 AUD

2025-09-14 * "Газированный кокос"
  Expenses:Food  4 AUD
  Assets:Cash  -4 AUD

2025-09-14 * "ASMY / Kirtan" "donation"
  Expenses:Donations  10 AUD
  Assets:Cash  -10 AUD

2025-09-14 * "Didi / 2Santabelle" "taxi"
  Expenses:Transport:Taxi  28 AUD
  Assets:Cash  -28 AUD

2025-09-15 * "ALDI" "- миндаль, кешью, молоко, бананы"
  Expenses:Shopping  33.10 AUD
  Assets:Cash  -33.10 AUD

2025-09-15 * "Woolworths" "- кофе, сливки, сыр Extra Tasty"
  Expenses:Shopping  14.95 AUD
  Assets:Cash  -14.95 AUD

2025-09-16 * "barbershop"
  Expenses:Grooming  35 AUD
  Assets:Cash  -35 AUD

2025-09-16 * "Choice" "Конверты"
  Expenses:Shopping  3 AUD
  Assets:Cash  -3 AUD

2025-09-16 * "ALDI" "Лимонад"
  Expenses:Shopping  2 AUD
  Assets:Cash  -2 AUD

2025-09-16 * "Didi / Pacific Fair" "taxi"
  Expenses:Transport:Taxi  11.30 AUD
  Assets:Cash  -11.30 AUD

2025-09-16 * "Zara" "Худи и кофта"
  Expenses:Shopping  156 AUD
  Assets:Cash  -156 AUD

2025-09-16 * "Pide"
  Expenses:Food  14 AUD
  Assets:Cash  -14 AUD

2025-09-16 * "Sketchers" "Ботинки"
  Expenses:Shopping  190 AUD
  Assets:Cash  -190 AUD

2025-09-16 * "Didi / 2Santabelle" "taxi"
  Expenses:Transport:Taxi  13 AUD
  Assets:Cash  -13 AUD

2025-09-16 * "Pacific Fair / 2Santabelle" "Оплатил наличкой"
  Expenses:Transport:Taxi  20 AUD
  Assets:Cash  -20 AUD

2025-09-17 * "Skechers"
  Expenses:Shopping  180 AUD
  Assets:Cash  -180 AUD

2025-09-17 * "UniQlo - накидка"
  Expenses:Shopping  50 AUD
  Assets:Cash  -50 AUD

2025-09-17 * "Didi / 2Santabelle" "taxi"
  Expenses:Transport:Taxi  20 AUD
  Assets:Cash  -20 AUD

2025-09-18 * "Whooping Cough and Consultation"
  Expenses:Health:Medical  95 AUD
  Assets:Cash  -95 AUD

2025-09-18 * "Quiche and Latte"
  Expenses:Food  14 AUD
  Assets:Cash  -14 AUD

2025-09-18 * "Woolworths / flowers" "magazine headphones"
  Expenses:Shopping  50 AUD
  Assets:Cash  -50 AUD

2025-09-19 * "Claude - Pro Plan"
  Expenses:Subscriptions  34 AUD
  Assets:Cash  -34 AUD

2025-09-20 * "Woolworths" "Сыр, печенье, открытка"
  Expenses:Shopping  23.70 AUD
  Assets:Cash  -23.70 AUD

2025-09-20 * "Woolworths" "Печенье, гиёза, пироги"
  Expenses:Shopping  42.90 AUD
  Assets:Cash  -42.90 AUD

2025-09-21 * "Кафе с Ноел и Слава"
  Expenses:Food  33.32 AUD
  Assets:Cash  -33.32 AUD

2025-09-21 * "Кафе Горячий шоколад и десерт Ноелу"
  Expenses:Food  18.68 AUD
  Assets:Cash  -18.68 AUD

2025-09-21 * "Наваратри в Ашраме"
  Expenses:Donations  5800 RUB
  Assets:Cash  -5800 RUB

2025-09-23 * "Uber / ALDI" "taxi"
  Expenses:Transport:Taxi  10.20 AUD
  Assets:Cash  -10.20 AUD

2025-09-23 * "Uber" "подписка на месяц Uber One"
  Expenses:Subscriptions  10 AUD
  Assets:Cash  -10 AUD

2025-09-23 * "ALDI" "- орешки и печенье"
  Expenses:Shopping  37.41 AUD
  Assets:Cash  -37.41 AUD

2025-09-23 * "Woolworths" "- кофе, сливки"
  Expenses:Shopping  7.20 AUD
  Assets:Cash  -7.20 AUD

2025-09-23 * "McDonalds" "драник, фри, чай лате"
  Expenses:Food  12 AUD
  Assets:Cash  -12 AUD

2025-09-24 * "Kirtan"
  Expenses:Donations  10 AUD
  Assets:Cash  -10 AUD

2025-09-24 * "Didi / Q Centre" "to"
  Expenses:Transport:Taxi  9.50 AUD
  Assets:Cash  -9.50 AUD

2025-09-25 * "Woolworths" "Сливки"
  Expenses:Shopping  4 AUD
  Assets:Cash  -4 AUD

2025-09-25 * "Coles" "Лимонад"
  Expenses:Shopping  3 AUD
  Assets:Cash  -3 AUD

2025-09-26 * "Woolworths" "3 букета и лимонад"
  Expenses:Shopping  52 AUD
  Assets:Cash  -52 AUD

2025-09-27 * "subscription" "Amaysim"
  Expenses:Telecom:Internet  30 AUD
  Assets:Cash  -30 AUD

2025-09-27 * "курс Мужская Природа - предоплата"
  Expenses:Donations  10000 RUB
  Assets:Cash  -10000 RUB

2025-09-27 * "Cafe Isla"
  Expenses:Food  57.70 AUD
  Assets:Cash  -57.70 AUD

2025-09-27 * "Didi / 2Santabelle" "Didi"
  Expenses:Other  16.70 AUD
  Assets:Cash  -16.70 AUD

2025-09-29 * "to Melbourne and back"
  Expenses:Transport:Flight  280 AUD
  Assets:Cash  -280 AUD

2025-09-29 * "Didi / Robina" "taxi"
  Expenses:Transport:Taxi  17 AUD
  Assets:Cash  -17 AUD

2025-09-29 * "Robina" "Lion's Mane"
  Expenses:Shopping  70.50 AUD
  Assets:Cash  -70.50 AUD

2025-09-29 * "Robina" "Матча термос и чай"
  Expenses:Shopping  109 AUD
  Assets:Cash  -109 AUD

2025-09-29 * "Robina / Woolworths" "бананы, Gyoza, пироги"
  Expenses:Shopping  35 AUD
  Assets:Cash  -35 AUD

2025-09-29 * "Didi / 2Santabelle" "taxi"
  Expenses:Transport:Taxi  22 AUD
  Assets:Cash  -22 AUD

2025-10-01 * "Справка о несудимости из Мексики"
  Expenses:Services:Documents  19930 RUB
  Assets:Cash  -19930 RUB

2025-10-02 * "Goji Cafe" "Vietnamese Iced Coffee с печеньем"
  Expenses:Food  17 AUD
  Assets:Cash  -17 AUD

2025-10-02 * "pharmacy" "Витамин Ц"
  Expenses:Shopping  16 AUD
  Assets:Cash  -16 AUD

2025-10-02 * "Woolworths" "овсянка и кукуруза"
  Expenses:Shopping  11.40 AUD
  Assets:Cash  -11.40 AUD

2025-10-02 * "Coles" "цветы и сливки"
  Expenses:Shopping  12.40 AUD
  Assets:Cash  -12.40 AUD

2025-10-02 * "ALDI" "печенья, орешки и лимонад, пакет"
  Expenses:Shopping  40 AUD
  Assets:Cash  -40 AUD

2025-10-04 * "Goji Cafe" "Веганский бургер и латте"
  Expenses:Food  30.15 AUD
  Assets:Cash  -30.15 AUD

2025-10-04 * "Atomic Workflows"
  Expenses:Education:Books  135 AUD
  Assets:Cash  -135 AUD

2025-10-05 * "Goji Cafe" "Блюдо 2 и капучино"
  Expenses:Food  31 AUD
  Assets:Cash  -31 AUD

2025-10-05 * "JB Hi-Fi - Insta360 gimbal"
  Expenses:Shopping  203 AUD
  Assets:Cash  -203 AUD

2025-10-05 * "ASMY" "Ginger Beer"
  Expenses:Shopping  4 AUD
  Assets:Cash  -4 AUD

2025-10-05 * "ASMY" "Kirtan"
  Expenses:Donations  10 AUD
  Assets:Cash  -10 AUD

2025-10-06 * "Coles" "момо, вареники, кофе, горячий шоколад, салфетки, тряпочки"
  Expenses:Shopping  34 AUD
  Assets:Cash  -34 AUD

2025-10-07 * "Goji Cafe" "Завтрак с Матчей и Vegetarian Wrap"
  Expenses:Food  27.60 AUD
  Assets:Cash  -27.60 AUD

2025-10-08 * "Чай латте"
  Expenses:Food  4.15 AUD
  Assets:Cash  -4.15 AUD

2025-10-08 * "Даблдекер из Аэропорта в Мельбурн Сити"
  Expenses:Transport  25 AUD
  Assets:Cash  -25 AUD

2025-10-08 * "Обед в Hubert Bistro - салат с халуми, caramel slice, 2 chai late"
  Expenses:Food  35.10 AUD
  Assets:Cash  -35.10 AUD

2025-10-08 * "study" "Soundstrue - IFS"
  Expenses:Other  170 AUD
  Assets:Cash  -170 AUD

2025-10-09 * "Кофе лате"
  Expenses:Food  5 AUD
  Assets:Cash  -5 AUD

2025-10-09 * "Potato Twister"
  Expenses:Food  11.20 AUD
  Assets:Cash  -11.20 AUD

2025-10-09 * "Кофе лате и капучино"
  Expenses:Food  10 AUD
  Assets:Cash  -10 AUD

2025-10-09 * "кошелёк для мелочи"
  Expenses:Shopping  10 AUD
  Assets:Cash  -10 AUD

2025-10-09 * "Chai Latte"
  Expenses:Food  5 AUD
  Assets:Cash  -5 AUD

2025-10-09 * "магазин Vinnies Носки"
  Expenses:Shopping  5 AUD
  Assets:Cash  -5 AUD

2025-10-09 * "Coles" "Сливки и соевый фарш"
  Expenses:Shopping  13.50 AUD
  Assets:Cash  -13.50 AUD

2025-10-10 * "study" "Книга - No Bad Parts"
  Expenses:Other  30 AUD
  Assets:Cash  -30 AUD

2025-10-10 * "study" "Аудио - Greater than the Sum of our Parts 65 AUD"
  Expenses:Other  65 AUD
  Assets:Cash  -65 AUD

2025-10-10 * "кафе Cafe Koochino - чай лате и лемон тарт"
  Expenses:Food  11.60 AUD
  Assets:Cash  -11.60 AUD

2025-10-11 * "shop Salvos - сладости Fresh raspberry Lacorice"
  Expenses:Food  3.50 AUD
  Assets:Cash  -3.50 AUD

2025-10-11 * "кафе Mordi Canteen - эспессо с мороженным Affogato"
  Expenses:Food  7.15 AUD
  Assets:Cash  -7.15 AUD

2025-10-12 * "deployHQ"
  Expenses:Subscriptions  275000 IDR
  Assets:Cash  -275000 IDR

2025-10-12 * "Печенье на борту Virgin Airlines"
  Expenses:Food  5.50 AUD
  Assets:Cash  -5.50 AUD

2025-10-13 * "domain ayaruna.net 1 year"
  Expenses:Subscriptions  24.53 USD
  Assets:Cash  -24.53 USD

2025-10-13 * "ALDI" "печенье"
  Expenses:Food  8.20 AUD
  Assets:Cash  -8.20 AUD

2025-10-13 * "Woolworths" "Журнал против сладкого, лимонад, шоколад"
  Expenses:Shopping  24 AUD
  Assets:Cash  -24 AUD

2025-10-13 * "Массаж"
  Expenses:Services  100 AUD
  Assets:Cash  -100 AUD

2025-10-14 * "Goji Cafe" "Завтрак в  - wrap и Мате"
  Expenses:Food  27.61 AUD
  Assets:Cash  -27.61 AUD

2025-10-14 * "Goji Cafe" "Матча в"
  Expenses:Food  6.19 AUD
  Assets:Cash  -6.19 AUD

2025-10-14 * "Google One за год"
  Expenses:Subscriptions  50000 KZT
  Assets:Cash  -50000 KZT

2025-10-15 * "Goji Cafe" "бургер и матча"
  Expenses:Food  30.60 AUD
  Assets:Cash  -30.60 AUD

2025-10-15 * "CapCut" "1 year"
  Expenses:Subscriptions  225 AUD
  Assets:Cash  -225 AUD

2025-10-15 * "Перевод ID, BC на английский"
  Expenses:Services  12000 KZT
  Assets:Cash  -12000 KZT

2025-10-15 * "ASMY" "donation"
  Expenses:Donations  5 AUD
  Assets:Cash  -5 AUD

2025-10-16 * "Goji Cafe" "Rosti potato and Matcha"
  Expenses:Food  31.70 AUD
  Assets:Cash  -31.70 AUD

2025-10-16 * "Car wash"
  Expenses:Services  17 AUD
  Assets:Cash  -17 AUD

2025-10-16 * "Пиццерия - Pizza Zuzza, Red Bull"
  Expenses:Food  21.90 AUD
  Assets:Cash  -21.90 AUD

2025-10-16 * "Coles" "Цветы - лилии и белые"
  Expenses:Shopping  20 AUD
  Assets:Cash  -20 AUD

2025-10-16 * "Choice" "RedBull"
  Expenses:Shopping  3.50 AUD
  Assets:Cash  -3.50 AUD

2025-10-17 * "Обработка фото"
  Expenses:Services  14.95 AUD
  Assets:Cash  -14.95 AUD

2025-10-17 * "ASMY" "Watermelon juice"
  Expenses:Food  4 AUD
  Assets:Cash  -4 AUD

2025-10-17 * "Перевод справок из полиции"
  Expenses:Services  15500 KZT
  Assets:Cash  -15500 KZT

2025-10-18 * "Кафе - ромашковый чай с мёдом"
  Expenses:Food  3.70 AUD
  Assets:Cash  -3.70 AUD

2025-10-19 * "HOTA Market" "Сушеные бананы"
  Expenses:Shopping  7.20 AUD
  Assets:Cash  -7.20 AUD

2025-10-19 * "HOTA Market" "Хлеб без глютена"
  Expenses:Shopping  13 AUD
  Assets:Cash  -13 AUD

2025-10-19 * "HOTA Market" "Сок Маракуя медиум"
  Expenses:Food  5 AUD
  Assets:Cash  -5 AUD

2025-10-19 * "Bunnings" "4 AAA батарейки"
  Expenses:Shopping  2 AUD
  Assets:Cash  -2 AUD

2025-10-19 * "ASMY" "Sparkling Coco"
  Expenses:Food  4 AUD
  Assets:Cash  -4 AUD

2025-10-19 * "ASMY" "Kirtan"
  Expenses:Donations  10 AUD
  Assets:Cash  -10 AUD

2025-10-20 * "Goji Cafe" "Wrap & Match"
  Expenses:Food  27.70 AUD
  Assets:Cash  -27.70 AUD

2025-10-20 * "claude" "1 month"
  Expenses:Subscriptions  34 AUD
  Assets:Cash  -34 AUD

2025-10-20 * "[[Q Centre]]"
  Expenses:Grooming  35 AUD
  Assets:Cash  -35 AUD

2025-10-20 * "ALDI" "almonds, ice tea, hazelnut latte, v energy"
  Expenses:Shopping  21.30 AUD
  Assets:Cash  -21.30 AUD

2025-10-21 * "Woolworths" "бананы, coconut milk, coconut cream, redbull, IceTea Peach"
  Expenses:Shopping  22.10 AUD
  Assets:Cash  -22.10 AUD

2025-10-22 * "Woolworths" "Lipton, bananas"
  Expenses:Shopping  6.80 AUD
  Assets:Cash  -6.80 AUD

2025-10-22 * "Goji Cafe" "Rosti Potato, Matcha"
  Expenses:Food  31.70 AUD
  Assets:Cash  -31.70 AUD

2025-10-22 * "ASMY" "Шоколад с напитком"
  Expenses:Food  12 AUD
  Assets:Cash  -12 AUD

2025-10-22 * "ASMY" "donation"
  Expenses:Donations  5 AUD
  Assets:Cash  -5 AUD

2025-10-23 * "Tower 28 cafe" "Matcha, Cookies"
  Expenses:Food  21.60 AUD
  Assets:Cash  -21.60 AUD

2025-10-24 * "Woolworths" "Sweetener Monk fruit, V energy"
  Expenses:Shopping  11.15 AUD
  Assets:Cash  -11.15 AUD

2025-10-24 * "Mango Lassi and Fried Vegs"
  Expenses:Food  10 AUD
  Assets:Cash  -10 AUD

2025-10-24 * "Mango Lassi"
  Expenses:Food  5 AUD
  Assets:Cash  -5 AUD

2025-10-24 * "Cafe at Brisbane Plaza White Chocolate Matcha"
  Expenses:Food  9.50 AUD
  Assets:Cash  -9.50 AUD

2025-10-24 * "Water at Gas Station"
  Expenses:Food  4 AUD
  Assets:Cash  -4 AUD

2025-10-25 * "Матча и пирожное"
  Expenses:Food  11.90 AUD
  Assets:Cash  -11.90 AUD

2025-10-26 * "HOTA Market" "Medium passion fruit juice"
  Expenses:Food  5 AUD
  Assets:Cash  -5 AUD

2025-10-26 * "HOTA Market" "Dried bananas"
  Expenses:Shopping  10.40 AUD
  Assets:Cash  -10.40 AUD

2025-10-26 * "ASMY" "Шоколад и лимонад"
  Expenses:Food  12 AUD
  Assets:Cash  -12 AUD

2025-10-26 * "ASMY" "donation"
  Expenses:Donations  5 AUD
  Assets:Cash  -5 AUD

2025-10-26 * "litres" "Энтони Робинс - Разбуди в себе исполина"
  Expenses:Shopping  10 AUD
  Assets:Cash  -10 AUD

2025-10-27 * "Amaysim за 28 дней"
  Expenses:Subscriptions  30 AUD
  Assets:Cash  -30 AUD

2025-10-27 * "отдал за бензин"
  Assets:Cash  100 AUD
  Liabilities:Debt  -100 AUD

2025-10-27 * "Woolworths" "цветы, горячий шоколад, наушники"
  Expenses:Shopping  48 AUD
  Assets:Cash  -48 AUD

2025-10-28 * "Goji Cafe" "Rosti and Match"
  Expenses:Food  31.70 AUD
  Assets:Cash  -31.70 AUD

2025-10-28 * "Goji Cafe" "Brownie Cheesecake"
  Expenses:Food  8.50 AUD
  Assets:Cash  -8.50 AUD

2025-10-28 * "iCloud+ with 50 GB"
  Expenses:Subscriptions  1.50 AUD
  Assets:Cash  -1.50 AUD

2025-10-29 * "Переводы справок из KompAS на Казахский"
  Expenses:Services  23000 KZT
  Assets:Cash  -23000 KZT

2025-10-29 * "Переводы справок из KompAS на Английский"
  Expenses:Services  25000 KZT
  Assets:Cash  -25000 KZT

2025-10-30 * "3 Oat milk"
  Expenses:Shopping  6.80 AUD
  Assets:Cash  -6.80 AUD

2025-10-31 * "Академия [[Прем Баба]]"
  Expenses:Subscriptions  0 AUD ; 634500 IDR
  Assets:Cash  -0 AUD

2025-10-31 * "Махешику за ноября"
  Expenses:Donations  5500 RUB
  Assets:Cash  -5500 RUB

2025-11-01 * "Мороженое White Magnum"
  Expenses:Food  6 AUD
  Assets:Cash  -6 AUD

2025-11-01 * "Матча, сыр, хлеб"
  Expenses:Shopping  56 AUD
  Assets:Cash  -56 AUD

2025-11-01 * "Ai summit from Tony Robbins"
  Expenses:Services  117 USD
  Assets:Cash  -117 USD

2025-11-02 * "Goji Cafe" "Smoothie - Watermelon and Lemon"
  Expenses:Food  10 AUD
  Assets:Cash  -10 AUD

2025-11-02 * "Goji Cafe" "Smoothie - Banana and Chocolate"
  Expenses:Food  10 AUD
  Assets:Cash  -10 AUD

2025-11-02 * "ASMY" "Sparkling coconut"
  Expenses:Food  4 AUD
  Assets:Cash  -4 AUD

2025-11-02 * "ASMY" "donation"
  Expenses:Donations  5 AUD
  Assets:Cash  -5 AUD

2025-11-03 * "Goji Cafe" "Wrap and Matcha"
  Expenses:Food  29 AUD
  Assets:Cash  -29 AUD

2025-11-03 * "Medical comission"
  Expenses:Services  392 AUD
  Assets:Cash  -392 AUD

2025-11-03 * "Milk Thermometer"
  Expenses:Shopping  10 AUD
  Assets:Cash  -10 AUD

2025-11-03 * "2 black rise salad"
  Expenses:Food  24 AUD
  Assets:Cash  -24 AUD

2025-11-03 * "Кише и горячий шоколад"
  Expenses:Food  17 AUD
  Assets:Cash  -17 AUD

2025-11-03 * "Lemonade"
  Expenses:Food  4 AUD
  Assets:Cash  -4 AUD

2025-11-03 * "Shopping Amazon - Mag Safe PowerBank 10k mah"
  Expenses:Shopping  73 AUD
  Assets:Cash  -73 AUD

2025-11-04 * "Tower 28 cafe" "Rosti and Matcha Oat"
  Expenses:Food  31.30 AUD
  Assets:Cash  -31.30 AUD

2025-11-04 * "Goldies Cafe" "Orange juice"
  Expenses:Food  4.50 AUD
  Assets:Cash  -4.50 AUD

2025-11-04 * "pharmacy" "L Theanin"
  Expenses:Shopping  30.30 AUD
  Assets:Cash  -30.30 AUD

2025-11-04 * "amazon" "Наушники маме на Рождество"
  Expenses:Shopping  40 AUD
  Assets:Cash  -40 AUD

2025-11-05 * "Smoothie watermelon lemon and topping"
  Expenses:Food  14 AUD
  Assets:Cash  -14 AUD

2025-11-05 * "pharmacy" "- Omega3, Creatine, Перга, Железо"
  Expenses:Shopping  136.20 AUD
  Assets:Cash  -136.20 AUD

2025-11-05 * "ASMY" "donation"
  Expenses:Donations  5 AUD
  Assets:Cash  -5 AUD

2025-11-06 * "ALDI" "чай, v energy, бананы, миндаль, oat milk, печенье"
  Expenses:Shopping  25 AUD
  Assets:Cash  -25 AUD

2025-11-06 * "Goji Cafe" "burger and Match oat milk"
  Expenses:Food  31.20 AUD
  Assets:Cash  -31.20 AUD

2025-11-06 * "decodo proxy"
  Expenses:Services  6.50 AUD
  Assets:Cash  -6.50 AUD

2025-11-07 * "Лимонад и киндер"
  Expenses:Shopping  9.50 AUD
  Assets:Cash  -9.50 AUD

2025-11-07 * "Лимонад и чай"
  Expenses:Shopping  4.60 AUD
  Assets:Cash  -4.60 AUD

2025-11-07 * "Decodo proxy"
  Expenses:Services  4.80 AUD
  Assets:Cash  -4.80 AUD

2025-11-07 * "ASMY" "шоколад"
  Expenses:Food  8 AUD
  Assets:Cash  -8 AUD

2025-11-07 * "ASMY" "Kirtan"
  Expenses:Donations  5 AUD
  Assets:Cash  -5 AUD

2025-11-08 * "Tinder"
  Expenses:Subscriptions  36 AUD
  Assets:Cash  -36 AUD

2025-11-08 * "SoundTrue IFS"
  Expenses:Subscriptions  138.50 AUD
  Assets:Cash  -138.50 AUD

2025-11-08 * "Матча и чипсы в кафе с фильмом на пляже"
  Expenses:Food  15 AUD
  Assets:Cash  -15 AUD

2025-11-09 * "ASMY" "Шоколад и лимонад"
  Expenses:Food  12 AUD
  Assets:Cash  -12 AUD

2025-11-09 * "ASMY" "donation"
  Expenses:Donations  10 AUD
  Assets:Cash  -10 AUD

2025-11-10 * "Goji Cafe" "Ромашка и рости"
  Expenses:Food  30.50 AUD
  Assets:Cash  -30.50 AUD

2025-11-10 * "Goji Cafe" "Мафин"
  Expenses:Food  5.20 AUD
  Assets:Cash  -5.20 AUD

2025-11-10 * "Santctum Cafe" "Матча и пирожное"
  Expenses:Food  20.30 AUD
  Assets:Cash  -20.30 AUD

2025-11-10 * "Santctum Cafe" "Ice Matcha"
  Expenses:Food  10 AUD
  Assets:Cash  -10 AUD

2025-11-10 * "Книжный Classical Philosophy"
  Expenses:Shopping  7 AUD
  Assets:Cash  -7 AUD

2025-11-11 * "711" "2 v energy и киндер"
  Expenses:Food  9.50 AUD
  Assets:Cash  -9.50 AUD

2025-11-11 * "Woolworth" "цветы, сливки, печенье"
  Expenses:Shopping  44.40 AUD
  Assets:Cash  -44.40 AUD

2025-11-11 * "Tinder"
  Expenses:Services  56 AUD
  Assets:Cash  -56 AUD

2025-11-12 * "ASMY" "donation"
  Expenses:Donations  5 AUD
  Assets:Cash  -5 AUD

2025-11-12 * "DeployHQ"
  Expenses:Subscriptions  24 AUD
  Assets:Cash  -24 AUD

2025-11-13 * "Goji Cafe" "Бургер и Oat Matcha"
  Expenses:Food  31.50 AUD
  Assets:Cash  -31.50 AUD

2025-11-13 * "ALDI" "- 2 v energy, ice tea"
  Expenses:Shopping  7.20 AUD
  Assets:Cash  -7.20 AUD

2025-11-13 * "Gasoline / Haval" "98"
  Expenses:Other  119.33 AUD
  Assets:Cash  -119.33 AUD

2025-11-13 * "Claude AI" "claude Max"
  Expenses:Subscriptions  154.50 AUD
  Assets:Cash  -154.50 AUD

2025-11-13 * "711" "шоколад Twix с зелёным чаем"
  Expenses:Shopping  3 AUD
  Assets:Cash  -3 AUD

2025-11-13 * "Курс / Tony Robbins" "Robbins Manades"
  Expenses:Other  56 AUD
  Assets:Cash  -56 AUD

2025-11-14 * "Goji Cafe" "Завтрак Rosti Match oat milk"
  Expenses:Food  32.70 AUD
  Assets:Cash  -32.70 AUD

2025-11-14 * "ALDI" "чай, печенье, v energy, орешки"
  Expenses:Shopping  40 AUD
  Assets:Cash  -40 AUD

2025-11-14 * "ASMY" "donation"
  Expenses:Donations  5 AUD
  Assets:Cash  -5 AUD

2025-11-16 * "Goji Cafe" "Завтрак wrap, matcha oat milk"
  Expenses:Food  28.20 AUD
  Assets:Cash  -28.20 AUD

2025-11-16 * "Goji Cafe" "Smoothie"
  Expenses:Food  10.15 AUD
  Assets:Cash  -10.15 AUD

2025-11-16 * "ASMY" "Lemonade"
  Expenses:Food  4 AUD
  Assets:Cash  -4 AUD

2025-11-16 * "ASMY" "donation"
  Expenses:Donations  5 AUD
  Assets:Cash  -5 AUD

2025-11-16 * "ASMY" "3 месяца в"
  Expenses:Subscriptions  99 AUD
  Assets:Cash  -99 AUD

2025-11-17 * "Goji Cafe" "Matcha oat milk"
  Expenses:Food  7.20 AUD
  Assets:Cash  -7.20 AUD

2025-11-17 * "ASMY" "Yoga Mat"
  Expenses:Housing:Rent  2 AUD
  Assets:Cash  -2 AUD

2025-11-18 * "ASMY" "коврик"
  Expenses:Shopping  40 AUD
  Assets:Cash  -40 AUD

2025-11-18 * "Cafe Black Swan - Матча"
  Expenses:Food  5.50 AUD
  Assets:Cash  -5.50 AUD

2025-11-18 * "Курс" "Мужская Природа"
  Expenses:Other  37000 RUB
  Assets:Cash  -37000 RUB

2025-11-19 * "Goji Cafe" "Matcha oat milk"
  Expenses:Food  7.20 AUD
  Assets:Cash  -7.20 AUD

2025-11-19 * "Haircut"
  Expenses:Grooming  35 AUD
  Assets:Cash  -35 AUD

2025-11-19 * "ALDI" "Апельсиновый сок, молоко, 2 v energy, Nori"
  Expenses:Shopping  14.90 AUD
  Assets:Cash  -14.90 AUD

2025-11-21 * "Coles" "хумус, сахар"
  Expenses:Shopping  15.50 AUD
  Assets:Cash  -15.50 AUD

2025-11-22 * "ALDI" "-  - Бананы, хлебцы, Ice Tea"
  Expenses:Shopping  5.55 AUD
  Assets:Cash  -5.55 AUD

2025-11-22 * "Macincloud - 25 hours"
  Expenses:Subscriptions  45 AUD
  Assets:Cash  -45 AUD

2025-11-22 * "megahost.kz за VPS"
  Expenses:Subscriptions  2080 KZT
  Assets:Cash  -2080 KZT

2025-11-23 * "- [[Goji Cafe]] - Matcha and Carot Cake"
  Expenses:Food  14.20 AUD
  Assets:Cash  -14.20 AUD

2025-11-23 * "- [[Goji Cafe]] - Camomile tea"
  Expenses:Food  5.50 AUD
  Assets:Cash  -5.50 AUD

2025-11-23 * "ASMY" "-  - Lemonade"
  Expenses:Food  4 AUD
  Assets:Cash  -4 AUD

2025-11-24 * "Amaysym"
  Expenses:Subscriptions  30 AUD
  Assets:Cash  -30 AUD

2025-11-25 * "- 2 v energy and KitKat"
  Expenses:Food  8.50 AUD
  Assets:Cash  -8.50 AUD

2025-11-25 * "- [[Woolworth]] - цветы, кофе, бананы, сливки"
  Expenses:Food  45.75 AUD
  Assets:Cash  -45.75 AUD

2025-11-26 * "Apple Developer Program - Membership for one year"
  Expenses:Subscriptions  150 AUD
  Assets:Cash  -150 AUD

2025-11-26 * "Coles" "-  v energy, растительное молоко х3"
  Expenses:Shopping  12.55 AUD
  Assets:Cash  -12.55 AUD

2025-11-26 * "Prembaba Academy"
  Expenses:Subscriptions  636000 IDR
  Assets:Cash  -636000 IDR

2025-11-27 * "Coles" "V energy"
  Expenses:Shopping  2.95 AUD
  Assets:Cash  -2.95 AUD

2025-11-28 * "ALDI" "орешки 2, печенье"
  Expenses:Shopping  17.65 AUD
  Assets:Cash  -17.65 AUD

2025-11-28 * "Coles" "V energy"
  Expenses:Shopping  3 AUD
  Assets:Cash  -3 AUD

2025-11-28 * "ASMY" "Лимонад с MnMs"
  Expenses:Food  13 AUD
  Assets:Cash  -13 AUD

2025-11-28 * "Для похода"
  Expenses:Shopping  275 AUD
  Assets:Cash  -275 AUD

2025-11-28 * "Indian food на горе Tamborine"
  Expenses:Food  18 AUD
  Assets:Cash  -18 AUD

2025-11-29 * "Goji Cafe" "Big Boss Breakfast"
  Expenses:Food  42.20 AUD
  Assets:Cash  -42.20 AUD

2025-11-29 * "Goji Cafe" "Лимонад"
  Expenses:Food  7 AUD
  Assets:Cash  -7 AUD

2025-11-29 * "Sunscreen"
  Expenses:Shopping  20 AUD
  Assets:Cash  -20 AUD

2025-11-29 * "Палатка (Tentworld) и подставка"
  Expenses:Shopping  550 AUD
  Assets:Cash  -550 AUD

2025-11-29 * "Woolworth" "Снеки  - яблоки, орешки, Гранола Бар, вода 2л, лимонад"
  Expenses:Shopping  23.80 AUD
  Assets:Cash  -23.80 AUD

2025-11-29 * "Bunnings" "Дождевик"
  Expenses:Shopping  2.50 AUD
  Assets:Cash  -2.50 AUD

2025-11-29 * "Ринату для Тани"
  Expenses:Other  300000 KZT
  Assets:Cash  -300000 KZT

2025-11-29 * "Camping (Thunderbird Park)"
  Expenses:Other  72 AUD
  Assets:Cash  -72 AUD

2025-11-30 * "Буфет"
  Expenses:Food  35 AUD
  Assets:Cash  -35 AUD

2025-11-30 * "Carob Bear"
  Expenses:Food  2.50 AUD
  Assets:Cash  -2.50 AUD

2025-12-01 * "Кокао"
  Expenses:Food  5 AUD
  Assets:Cash  -5 AUD

2025-12-01 * "Coles" "v energy"
  Expenses:Shopping  2.95 AUD
  Assets:Cash  -2.95 AUD

2025-12-02 * "Woolworths" "хризантемы сливки лимонад"
  Expenses:Food  23.85 AUD
  Assets:Cash  -23.85 AUD

2025-12-02 * "Пицца"
  Expenses:Food  19.90 AUD
  Assets:Cash  -19.90 AUD

2025-12-03 * "Завтрак Haloumi Wrap, Matcha"
  Expenses:Food  21.70 AUD
  Assets:Cash  -21.70 AUD

2025-12-03 * "Goldie" "Cocao 's"
  Expenses:Food  4.70 AUD
  Assets:Cash  -4.70 AUD

2025-12-04 * "Завтрак Бургер и Матча"
  Expenses:Food  31.20 AUD
  Assets:Cash  -31.20 AUD

2025-12-04 * "ALDI" "печенье, молоко, чай, энергетик, кускус"
  Expenses:Shopping  18.70 AUD
  Assets:Cash  -18.70 AUD

2025-12-05 * "ASMY" "Лимонад"
  Expenses:Food  4 AUD
  Assets:Cash  -4 AUD

2025-12-05 * "Kapha Tea"
  Expenses:Shopping  10 AUD
  Assets:Cash  -10 AUD

2025-12-06 * "Woolworths" "Яблоки, вода, Гранола, молоко лимонад"
  Expenses:Shopping  17.05 AUD
  Assets:Cash  -17.05 AUD

2025-12-06 * "Bunnings" "Дрова"
  Expenses:Shopping  20 AUD
  Assets:Cash  -20 AUD

2025-12-07 * "Оплата за Ночлег"
  Expenses:Travel:Camping  15 AUD
  Assets:Cash  -15 AUD

2025-12-07 * "на ферме Альпак - горячий шоколад"
  Expenses:Food  6 AUD
  Assets:Cash  -6 AUD

2025-12-07 * "на заправке - V energy"
  Expenses:Shopping  6.95 AUD
  Assets:Cash  -6.95 AUD

2025-12-07 * "ASMY" "Лимонад и Гранола"
  Expenses:Shopping  6.50 AUD
  Assets:Cash  -6.50 AUD

2025-12-08 * "Оплата консультации Анна Заикина"
  Expenses:Services  172000 KZT
  Assets:Cash  -172000 KZT

2025-12-08 * "Магазин на заправке - Лимонад и шоколад"
  Expenses:Shopping  11 AUD
  Assets:Cash  -11 AUD

2025-12-08 * "Coles" "Цветы, бананы, сыр, лимонад"
  Expenses:Shopping  44.75 AUD
  Assets:Cash  -44.75 AUD

2025-12-08 * "SoundsTrue IFS Schwartz"
  Expenses:Subscriptions  150 AUD
  Assets:Cash  -150 AUD

2025-12-08 * "Оплата за перевод 52000 KZT"
  Expenses:Services  155 AUD
  Assets:Cash  -155 AUD

2025-12-09 * "Магазин на заправке - Лимонад и шоколад"
  Expenses:Shopping  11 AUD
  Assets:Cash  -11 AUD

2025-12-09 * "ALDI" "Лимонад, шоколад, чай, печенье, v energy"
  Expenses:Shopping  12.45 AUD
  Assets:Cash  -12.45 AUD

2025-12-09 * "Goldie" "'s Vegi stack and hot chocolate"
  Expenses:Food  15.40 AUD
  Assets:Cash  -15.40 AUD

2025-12-09 * "Перевод документов на Английский"
  Expenses:Services  62 AUD
  Assets:Cash  -62 AUD

2025-12-09 * "чай Oriental Beauty из [[Бали]]"
  Expenses:Shopping  535 AUD
  Assets:Cash  -535 AUD

2025-12-10 * "ALDI" "Лимонад, печенье, молоко"
  Expenses:Shopping  9.40 AUD
  Assets:Cash  -9.40 AUD

2025-12-11 * "privorot24.com from Permata"
  Expenses:Services  593909 IDR
  Assets:Cash  -593909 IDR

2025-12-11 * "Coles" "Лимонад, пенка, подстригалка для носа"
  Expenses:Shopping  23 AUD
  Assets:Cash  -23 AUD

2025-12-12 * "Магазин у заправки - 2 лимонада и шоколад"
  Expenses:Shopping  13.40 AUD
  Assets:Cash  -13.40 AUD

2025-12-12 * "[[Goji Cafe]] - Warp and Matcha"
  Expenses:Food  26.20 AUD
  Assets:Cash  -26.20 AUD

2025-12-12 * "DeployHQ"
  Expenses:Subscriptions  266000 IDR
  Assets:Cash  -266000 IDR

2025-12-13 * "[[Goji Cafe]] - Rosti potato and Matcha"
  Expenses:Food  31.80 AUD
  Assets:Cash  -31.80 AUD

2025-12-13 * "Брауни"
  Expenses:Food  5 AUD
  Assets:Cash  -5 AUD

2025-12-13 * "Магазин 2 лимонада, шоколад и вода"
  Expenses:Food  14.60 AUD
  Assets:Cash  -14.60 AUD

2025-12-13 * "Ночлег Binna Burra"
  Expenses:Accommodation  35 AUD
  Assets:Cash  -35 AUD

2025-12-13 * "Lasagna"
  Expenses:Food  25 AUD
  Assets:Cash  -25 AUD

2025-12-14 * "Завтрак с кофе - Binna Burra Tea House"
  Expenses:Food  23.80 AUD
  Assets:Cash  -23.80 AUD

2025-12-14 * "2 лимонада и шоколад"
  Expenses:Food  11 AUD
  Assets:Cash  -11 AUD

2025-12-14 * "JB HiFi" "Sensibo"
  Expenses:Shopping  130 AUD
  Assets:Cash  -130 AUD

2025-12-14 * "JB HiFi" "Insta selfie stick"
  Expenses:Shopping  50 AUD
  Assets:Cash  -50 AUD

2025-12-14 * "Шоколад"
  Expenses:Food  4.60 AUD
  Assets:Cash  -4.60 AUD

2025-12-14 * "Лимонад и печенье"
  Expenses:Food  6.50 AUD
  Assets:Cash  -6.50 AUD

2025-12-15 * "Лимонад и шоколад"
  Expenses:Food  14 AUD
  Assets:Cash  -14 AUD

2025-12-16 * "Spa"
  Expenses:Services  310 AUD
  Assets:Cash  -310 AUD

2025-12-16 * "магазин возле Spa - 2 лимонада и шоколад"
  Expenses:Food  16.40 AUD
  Assets:Cash  -16.40 AUD

2025-12-16 * "Ice tea, кускус, горячий шоколад, ромашка"
  Expenses:Food  10.85 AUD
  Assets:Cash  -10.85 AUD

2025-12-17 * "Бензин"
  Expenses:Transport  104.45 AUD
  Assets:Cash  -104.45 AUD

2025-12-17 * "Claude"
  Expenses:Subscriptions  170 AUD
  Assets:Cash  -170 AUD

2025-12-17 * "Veggie burger, fries and Bundaberg @ Uncles cafe"
  Expenses:Food  21 AUD
  Assets:Cash  -21 AUD

2025-12-18 * "2 лимонада и шоколад"
  Expenses:Food  11 AUD
  Assets:Cash  -11 AUD

2025-12-19 * "2 лимонада"
  Expenses:Food  4.10 AUD
  Assets:Cash  -4.10 AUD

2025-12-19 * "Цветы"
  Expenses:Other  18 AUD
  Assets:Cash  -18 AUD

2025-12-19 * "Лимонад"
  Expenses:Food  4 AUD
  Assets:Cash  -4 AUD

2025-12-19 * "Лимонад и печенье"
  Expenses:Food  12.30 AUD
  Assets:Cash  -12.30 AUD

2025-12-20 * "Ночлег"
  Expenses:Other  15 AUD
  Assets:Cash  -15 AUD

2025-12-21 * "ферма альпак - Завтрак пицца и зеленый чай"
  Expenses:Food  33 AUD
  Assets:Cash  -33 AUD

2025-12-21 * "Магазин на заправке - 2 лимонада, 2 шоколада"
  Expenses:Shopping  15.40 AUD
  Assets:Cash  -15.40 AUD

2025-12-21 * "Магазин на заправке - Лимонад и шоколад"
  Expenses:Food  5.20 AUD
  Assets:Cash  -5.20 AUD

2025-12-22 * "ALDI" "Бананы, 2 печенье, орехи, энергетик, ice tea"
  Expenses:Shopping  24.10 AUD
  Assets:Cash  -24.10 AUD

2025-12-22 * "Goji Cafe" "No piggy Bun and Matcha latte"
  Expenses:Food  31.20 AUD
  Assets:Cash  -31.20 AUD

2025-12-22 * "Amaysim"
  Expenses:Subscriptions  30 AUD
  Assets:Cash  -30 AUD

2025-12-23 * "Amaysim"
  Expenses:Subscriptions  30 AUD
  Assets:Cash  -30 AUD

2025-12-23 * "Seven11" "2 шоколада и 2 энергетика"
  Expenses:Food  16.50 AUD
  Assets:Cash  -16.50 AUD

2025-12-23 * "Чайник, печеньки с предсказаниями и с дурианом"
  Expenses:Shopping  32.17 AUD
  Assets:Cash  -32.17 AUD

2025-12-23 * "Бургер с фри и ice tea"
  Expenses:Food  21.50 AUD
  Assets:Cash  -21.50 AUD

2025-12-24 * "Завтрак в аэропорту чай и фри"
  Expenses:Food  8.50 AUD
  Assets:Cash  -8.50 AUD

2025-12-24 * "Woolworths" "Овсянка, шоколад, печенье, сок, чай"
  Expenses:Shopping  26.90 AUD
  Assets:Cash  -26.90 AUD

2025-12-26 * "Сок, лимонад, шоколад"
  Expenses:Food  17.95 AUD
  Assets:Cash  -17.95 AUD

2025-12-27 * "Курс по гитаре"
  Expenses:Entertainment:Music  160 AUD ; 8390 RUB
  Assets:Cash  -160 AUD

2025-12-27 * "Фигурка ангела"
  Expenses:Shopping  18.50 AUD
  Assets:Cash  -18.50 AUD

2025-12-27 * "shaving" "Стрижка и бритье"
  Expenses:Grooming  55 AUD
  Assets:Cash  -55 AUD

2025-12-27 * "Кубик и карты"
  Expenses:Shopping  12 AUD
  Assets:Cash  -12 AUD

2025-12-27 * "Шоколад"
  Expenses:Food  1 AUD
  Assets:Cash  -1 AUD

2025-12-28 * "Обед (пирог, матча, карот кейк)"
  Expenses:Food  22.60 AUD
  Assets:Cash  -22.60 AUD

2025-12-28 * "Лимонад и шоколад"
  Expenses:Food  15 AUD
  Assets:Cash  -15 AUD

2025-12-29 * "Ресторан"
  Expenses:Food  47 AUD
  Assets:Cash  -47 AUD

2025-12-29 * "Билет в Музей скульптур"
  Expenses:Other  15 AUD
  Assets:Cash  -15 AUD

2025-12-30 * "Лимонад, шоколад, сок"
  Expenses:Food  11.25 AUD
  Assets:Cash  -11.25 AUD

2025-12-30 * "OnlyFans"
  Expenses:Subscriptions  25 AUD ; 16.50 USD
  Assets:Cash  -25 AUD

2025-12-31 * "Лимонад и шоколад"
  Expenses:Food  6.20 AUD
  Assets:Cash  -6.20 AUD
